time,ISIN,bidprice0,askprice0,bidsize0,asksize0
2020.04.30D12:00:00.045270232,LOM0_P1300,1.57,1.64,18,10
2020.04.30D12:00:00.045343446,LON0_P2000,3.74,3.85,9,12
2020.04.30D12:00:00.045346897,LON0_C2800,1.13,1.23,12,12
2020.04.30D12:00:00.075830917,LON0_C2150,3.42,3.55,23,14
2020.04.30D12:00:00.149524484,LON0_P1650,2.62,2.72,9,18
2020.04.30D12:00:00.180433594,LON0_P2150,4.39,4.51,9,9
2020.04.30D12:00:00.241772523,LON0_C2750,1.24,1.34,12,21
2020.04.30D12:00:00.282033036,LOM0_C1900,2.1,2.18,9,7
2020.04.30D12:00:00.282037814,LON0_C2300,2.71,2.82,8,18
2020.04.30D12:00:00.282041312,LON0_C2600,1.64,1.73,5,15
2020.04.30D12:00:00.282683599,LOM0_P1450,1.89,1.96,9,8
2020.04.30D12:00:00.282687132,LOM0_C2000,1.7,1.74,2,9
2020.04.30D12:00:00.282690219,LOM0_P1600,2.31,2.38,11,7
2020.04.30D12:00:00.282693721,LOM0_C1950,1.87,1.95,10,9
2020.04.30D12:00:00.282718353,LON0_C2800,1.13,1.23,12,20
2020.04.30D12:00:00.282721755,LON0_C2850,1.04,1.13,7,13
2020.04.30D12:00:00.283125531,LOM0_P1800,3.07,3.16,5,10
2020.04.30D12:00:00.283243360,LON0_C2150,3.42,3.55,5,14
2020.04.30D12:00:00.283246868,LON0_P2100,4.16,4.27,9,4
2020.04.30D12:00:00.283249976,LON0_P2050,3.94,4.05,9,10
2020.04.30D12:00:00.283253366,LON0_C2250,2.94,3.05,8,16
2020.04.30D12:00:00.283256629,LON0_C2500,1.95,2.04,5,20
2020.04.30D12:00:00.283260228,LON0_P1650,2.62,2.72,9,18
2020.04.30D12:00:00.283263528,LON0_P1350,1.98,2.07,27,8
2020.04.30D12:00:00.283444275,LON0_P1750,2.89,2.99,11,12
2020.04.30D12:00:00.283528244,LOM0_P1350,1.67,1.74,13,10
2020.04.30D12:00:00.283531645,LOM0_P1650,2.48,2.56,11,7
2020.04.30D12:00:00.283534649,LOM0_C1900,2.1,2.18,9,11
2020.04.30D12:00:00.283537964,LOM0_P1700,2.66,2.75,10,18
2020.04.30D12:00:00.283566140,LON0_C2800,1.13,1.23,7,20
2020.04.30D12:00:00.283683028,LON0_P1650,2.62,2.72,9,18
2020.04.30D12:00:00.284006607,LOM0_P1650,2.48,2.56,11,12
2020.04.30D12:00:00.284010172,LOM0_C2000,1.7,1.74,2,14
2020.04.30D12:00:00.284013509,LOM0_C1950,1.87,1.95,10,14
2020.04.30D12:00:00.284016713,LOM0_C1900,2.1,2.18,9,16
2020.04.30D12:00:00.300034231,LOM0_C100,15.97,0,1,0
2020.04.30D12:00:00.300039031,LOM0_C150,15.41,0,1,0
2020.04.30D12:00:00.300042336,LOM0_C200,14.91,0,1,0
2020.04.30D12:00:00.300045760,LOM0_C300,13.97,0,1,0
2020.04.30D12:00:00.300049373,LOM0_C350,13.51,0,1,0
2020.04.30D12:00:00.300052656,LOM0_C400,13.05,0,1,0
2020.04.30D12:00:00.300055856,LON0_C250,16.89,0,1,0
2020.04.30D12:00:00.300144443,LON0_C2250,2.94,3.05,8,16
2020.04.30D12:00:00.300147824,LON0_P1750,2.89,2.99,11,12
2020.04.30D12:00:00.300150895,LON0_C2150,3.42,3.55,5,14
2020.04.30D12:00:00.300153986,LOM0_C1900,2.1,2.18,9,16
2020.04.30D12:00:00.300157016,LON0_C2600,1.64,1.73,5,15
2020.04.30D12:00:00.306430710,LOM0_C500,12.12,0,1,0
2020.04.30D12:00:00.306435854,LOM0_P4050,21.88,24.16,1,1
2020.04.30D12:00:00.306438864,LOM0_P4100,22.38,24.66,1,1
2020.04.30D12:00:00.306442564,LON0_C200,17.44,0,1,0
2020.04.30D12:00:00.306445901,LON0_C300,16.4,0,1,0
2020.04.30D12:00:00.306449195,LON0_C350,15.92,0,1,0
2020.04.30D12:00:00.306452514,LON0_C400,15.44,0,1,0
2020.04.30D12:00:00.306456171,LON0_C600,13.58,0,1,0
2020.04.30D12:00:00.306500091,LON0_C2150,3.42,3.55,5,14
2020.04.30D12:00:00.306503903,LON0_P1650,2.62,2.72,9,18
2020.04.30D12:00:00.306507083,LON0_P1750,2.89,2.99,11,12
2020.04.30D12:00:00.349497065,LOM0_P1200,1.41,1.47,10,12
2020.04.30D12:00:00.349500335,LOM0_P1250,1.49,1.55,8,13
2020.04.30D12:00:00.349503766,LON0_P1000,1.51,1.58,4,19
2020.04.30D12:00:00.349507150,LOM0_P1450,1.89,1.96,12,5
2020.04.30D12:00:00.349510482,LOM0_C2150,1.16,1.23,12,12
2020.04.30D12:00:00.349515338,LOM0_P1050,1.21,1.26,5,20
2020.04.30D12:00:00.349518698,LOM0_P1000,1.15,1.19,5,2
2020.04.30D12:00:00.350245818,LOM0_C2200,1.03,1.09,12,12
2020.04.30D12:00:00.350249007,LON0_P2250,4.89,5.02,8,6
2020.04.30D12:00:00.350251957,LON0_P2200,4.64,4.76,6,6
2020.04.30D12:00:00.350262648,LOM0_P1550,2.16,2.23,8,5
2020.04.30D12:00:00.350279970,LON0_P2350,5.45,5.58,8,6
2020.04.30D12:00:00.350801904,LOM0_C1950,1.87,1.95,10,18
2020.04.30D12:00:00.350805506,LON0_P1750,2.89,2.99,11,9
2020.04.30D12:00:00.350808875,LOM0_C1850,2.35,2.43,4,9
2020.04.30D12:00:00.350812262,LON0_P2000,3.74,3.85,9,9
2020.04.30D12:00:00.350815568,LON0_P2150,4.39,4.51,9,6
2020.04.30D12:00:00.350818682,LON0_C2400,2.3,2.4,8,19
2020.04.30D12:00:00.350821665,LON0_C2200,3.18,3.29,5,16
2020.04.30D12:00:00.350824712,LON0_C2450,2.12,2.21,5,16
2020.04.30D12:00:00.350827873,LON0_C2350,2.5,2.6,8,16
2020.04.30D12:00:00.350830933,LON0_C2250,2.94,3.05,5,16
2020.04.30D12:00:00.350837349,LOM0_P1250,1.49,1.55,8,8
2020.04.30D12:00:00.351069511,LON0_P1000,1.51,1.58,11,19
2020.04.30D12:00:00.351072878,LOM0_P4050,21.89,24.16,1,1
2020.04.30D12:00:00.351075791,LOM0_P4400,25.37,0,1,0
2020.04.30D12:00:00.352031962,LOM0_C1850,2.35,2.43,4,14
2020.04.30D12:00:00.372384446,LON0_P800,1.29,1.38,15,19
2020.04.30D12:00:00.372686154,LOM0_P1700,2.66,2.75,10,18
2020.04.30D12:00:00.372691435,LOM0_P1650,2.48,2.56,11,12
2020.04.30D12:00:00.372694848,LOM0_C2150,1.16,1.23,12,12
2020.04.30D12:00:00.372697970,LOM0_P1450,1.89,1.96,26,5
2020.04.30D12:00:00.372775751,LON0_P1900,3.37,3.47,11,7
2020.04.30D12:00:00.372779754,LON0_C3400,0.38,0.46,13,16
2020.04.30D12:00:00.372782966,LON0_C2750,1.24,1.34,12,21
2020.04.30D12:00:00.372785968,LON0_P1450,2.17,2.25,23,3
2020.04.30D12:00:00.372789407,LON0_P1150,1.71,1.77,4,27
2020.04.30D12:00:00.372817643,LON0_P1150,1.71,1.77,4,27
2020.04.30D12:00:00.376742988,LOM0_C1750,2.89,2.98,7,7
2020.04.30D12:00:00.380972006,LOM0_C1850,2.35,2.43,4,14
2020.04.30D12:00:00.380975753,LON0_P1750,2.89,2.99,11,9
2020.04.30D12:00:00.397077086,LOM0_C2050,1.48,1.55,10,10
2020.04.30D12:00:00.397309894,LOM0_C2050,1.48,1.55,5,10
2020.04.30D12:00:00.397319390,LON0_C3200,0.54,0.63,10,20
2020.04.30D12:00:00.397345921,LOM0_C2100,1.31,1.39,10,19
2020.04.30D12:00:00.397480578,LOM0_C2050,1.48,1.55,5,10
2020.04.30D12:00:00.398040789,LOM0_C2150,1.16,1.23,12,12
2020.04.30D12:00:00.398045230,LOM0_C2300,0.79,0.85,12,3
2020.04.30D12:00:00.398048196,LOM0_C1900,2.1,2.18,9,16
2020.04.30D12:00:00.398102678,LON0_C2200,3.18,3.29,5,16
2020.04.30D12:00:00.398106432,LON0_P1950,3.55,3.65,9,4
2020.04.30D12:00:00.398109432,LON0_C2400,2.3,2.4,8,19
2020.04.30D12:00:00.398114393,LON0_C2550,1.79,1.88,5,15
2020.04.30D12:00:00.411341326,LOM0_C250,14.43,0,1,0
2020.04.30D12:00:00.411345064,LOM0_P4000,21.5,23.67,2,1
2020.04.30D12:00:00.411348161,LON0_C550,14.03,0,1,0
2020.04.30D12:00:00.412591370,LON0_P1600,2.52,2.59,7,3
2020.04.30D12:00:00.414454595,LOM0_C450,12.58,0,1,0
2020.04.30D12:00:00.414458047,LON0_C450,14.96,0,1,0
2020.04.30D12:00:00.414504483,LON0_C2300,2.71,2.82,8,18
2020.04.30D12:00:00.415837410,LOM0_P1050,1.21,1.26,11,20
2020.04.30D12:00:00.415840836,LON0_P1600,2.52,2.59,7,3
2020.04.30D12:00:00.415844000,LOM0_P4100,22.39,24.66,1,1
2020.04.30D12:00:00.415847319,LOM0_P4550,26.87,0,1,0
2020.04.30D12:00:00.416030996,LOM0_P1050,1.21,1.26,11,15
2020.04.30D12:00:00.425108097,LOM0_C2050,1.48,1.55,5,10
2020.04.30D12:00:00.432343727,LOM0_C1900,2.1,2.18,9,16
2020.04.30D12:00:00.432347375,LON0_C2400,2.3,2.4,8,19
2020.04.30D12:00:00.474765422,LOM0_C1800,2.62,2.7,3,14
2020.04.30D12:00:00.474798956,LON0_C2450,2.12,2.21,5,16
2020.04.30D12:00:00.474802156,LON0_P1550,2.38,2.47,23,3
2020.04.30D12:00:00.580348701,LON0_P1600,2.53,2.59,3,3
2020.04.30D12:00:00.580352950,LOM0_P1300,1.57,1.64,18,7
2020.04.30D12:00:00.580362792,LON0_P1650,2.62,2.72,12,18
2020.04.30D12:00:00.581781961,LOM0_P1300,1.57,1.64,23,7
2020.04.30D12:00:00.590487824,LOM0_P2200,5.44,5.57,11,5
2020.04.30D12:00:00.591731506,LOM0_P2200,5.44,5.57,11,5
2020.04.30D12:00:00.595349139,LON0_P1600,2.53,2.59,3,3
2020.04.30D12:00:00.598997317,LON0_P1600,2.53,2.59,3,3
2020.04.30D12:00:00.600231361,LON0_P1600,2.53,2.59,3,3
2020.04.30D12:00:00.935008224,LOM0_P1300,1.57,1.64,38,7
2020.04.30D12:00:00.935083493,LON0_P2000,3.74,3.85,9,9
2020.04.30D12:00:00.935086734,LON0_C2800,1.13,1.23,7,20
2020.04.30D12:00:00.957687742,LOM0_C3250,0.14,0.16,1,3
2020.04.30D12:00:00.957691800,LOM0_P1300,1.57,1.64,38,10
2020.04.30D12:00:01.114209665,LOM0_P1300,1.57,1.64,38,7
2020.04.30D12:00:01.124264780,LOM0_P4000,21.5,23.66,2,1
2020.04.30D12:00:01.124268295,LON0_C550,14.04,0,1,0
2020.04.30D12:00:01.224330883,LOM0_P1800,3.07,3.16,5,10
2020.04.30D12:00:01.224334543,LOM0_C1900,2.1,2.18,9,16
2020.04.30D12:00:01.224337324,LOM0_C1950,1.87,1.95,10,18
2020.04.30D12:00:01.224340847,LOM0_C2150,1.16,1.23,12,12
2020.04.30D12:00:01.224344033,LOM0_C2300,0.79,0.85,12,3
2020.04.30D12:00:01.224461199,LON0_C2200,3.18,3.29,5,16
2020.04.30D12:00:01.224464970,LON0_C2250,2.94,3.05,5,16
2020.04.30D12:00:01.224468097,LON0_P1950,3.55,3.65,9,4
2020.04.30D12:00:01.224471600,LON0_C2400,2.3,2.4,8,19
2020.04.30D12:00:01.224474869,LON0_C2500,1.95,2.04,5,20
2020.04.30D12:00:01.224478043,LON0_C2550,1.79,1.88,5,15
2020.04.30D12:00:01.308537981,LOM0_C1700,3.2,3.29,3,7
2020.04.30D12:00:01.309780871,LOM0_C1700,3.2,3.29,3,12
2020.04.30D12:00:01.500284182,LOM0_C1700,3.2,3.29,7,12
2020.04.30D12:00:01.607442537,LOM0_P1750,2.85,2.93,21,3
2020.04.30D12:00:01.607519886,LOM0_C2450,0.55,0.6,13,16
2020.04.30D12:00:01.607999780,LON0_C4050,0.16,0.23,29,41
2020.04.30D12:00:01.683923067,LOM0_C1700,3.2,3.29,3,12
2020.04.30D12:00:01.784768633,LOM0_P1750,2.85,2.93,7,3
2020.04.30D12:00:01.784772210,LOM0_C1950,1.87,1.95,10,18
2020.04.30D12:00:01.784775634,LOM0_C2450,0.55,0.6,13,16
2020.04.30D12:00:01.784859213,LOM0_P1750,2.85,2.93,7,3
2020.04.30D12:00:01.785546358,LON0_C4050,0.16,0.23,29,22
2020.04.30D12:00:01.875467265,LOM0_C1700,3.2,3.29,7,12
2020.04.30D12:00:02.093300464,LON0_P1950,3.55,3.65,9,4
2020.04.30D12:00:02.093304292,LON0_C2400,2.3,2.4,8,19
2020.04.30D12:00:02.095881520,LON0_C2400,2.3,2.4,8,19
2020.04.30D12:00:02.277310782,LOM0_C2500,0.49,0.53,6,11
2020.04.30D12:00:02.277316298,LOM0_P1000,1.15,1.19,5,2
2020.04.30D12:00:02.277319782,LOM0_P900,1.03,1.08,16,11
2020.04.30D12:00:02.277323705,LON0_C3400,0.38,0.46,13,16
2020.04.30D12:00:02.378883680,LOM0_C1550,4.18,4.29,1,2
2020.04.30D12:00:02.378887233,LOM0_C1600,3.84,3.94,1,1
2020.04.30D12:00:02.378891191,LOM0_C1650,3.51,3.61,1,1
2020.04.30D12:00:02.378894692,LOM0_C1700,3.2,3.29,3,8
2020.04.30D12:00:02.378898203,LOM0_C1750,2.89,2.98,3,3
2020.04.30D12:00:02.378901819,LOM0_C1800,2.62,2.7,3,10
2020.04.30D12:00:02.378905398,LOM0_C1850,2.35,2.43,4,10
2020.04.30D12:00:02.378908968,LOM0_C1900,2.1,2.18,5,12
2020.04.30D12:00:02.378965181,LOM0_C1950,1.87,1.95,6,14
2020.04.30D12:00:02.378969753,LOM0_C2000,1.7,1.74,2,10
2020.04.30D12:00:02.378972967,LOM0_C2050,1.48,1.55,5,10
2020.04.30D12:00:02.378976723,LOM0_C2100,1.31,1.39,10,15
2020.04.30D12:00:02.378980375,LOM0_C2150,1.16,1.23,12,9
2020.04.30D12:00:02.378983823,LOM0_C2200,1.03,1.09,12,9
2020.04.30D12:00:02.378987416,LOM0_C2250,0.9,0.97,13,9
2020.04.30D12:00:02.378990657,LOM0_C2300,0.79,0.86,12,11
2020.04.30D12:00:02.378994396,LOM0_C2350,0.7,0.76,13,11
2020.04.30D12:00:02.378997798,LOM0_C2400,0.63,0.67,2,15
2020.04.30D12:00:02.379001334,LOM0_C2450,0.55,0.6,13,13
2020.04.30D12:00:02.379005085,LOM0_C2500,0.49,0.53,6,11
2020.04.30D12:00:02.379008704,LOM0_C2550,0.44,0.48,6,16
2020.04.30D12:00:02.379011887,LOM0_C2600,0.38,0.43,9,15
2020.04.30D12:00:02.379015225,LOM0_C2650,0.34,0.4,9,17
2020.04.30D12:00:02.379018776,LOM0_C2700,0.3,0.36,33,18
2020.04.30D12:00:02.379022192,LOM0_C2750,0.28,0.33,3,3
2020.04.30D12:00:02.379025565,LOM0_C2800,0.26,0.3,3,3
2020.04.30D12:00:02.379029112,LOM0_C2850,0.24,0.28,3,2
2020.04.30D12:00:02.379032772,LOM0_C2900,0.22,0.26,3,2
2020.04.30D12:00:02.379036744,LOM0_C2950,0.2,0.24,4,2
2020.04.30D12:00:02.379040362,LOM0_C3000,0.21,0.23,5,19
2020.04.30D12:00:02.379100377,LOM0_C3050,0.18,0.21,4,3
2020.04.30D12:00:02.379104794,LOM0_C3100,0.17,0.2,2,3
2020.04.30D12:00:02.379107889,LOM0_C3150,0.16,0.18,2,2
2020.04.30D12:00:02.379111670,LOM0_C3200,0.15,0.17,2,3
2020.04.30D12:00:02.379114967,LOM0_C3250,0.14,0.16,1,3
2020.04.30D12:00:02.379118296,LOM0_P1000,1.15,1.19,2,2
2020.04.30D12:00:02.379123374,LOM0_P1050,1.21,1.26,8,15
2020.04.30D12:00:02.379127100,LOM0_P1100,1.27,1.32,10,10
2020.04.30D12:00:02.379130779,LOM0_P1150,1.33,1.39,15,8
2020.04.30D12:00:02.379135771,LOM0_P1200,1.41,1.47,10,12
2020.04.30D12:00:02.379139224,LOM0_P1250,1.49,1.55,8,8
2020.04.30D12:00:02.379142457,LOM0_P1300,1.57,1.64,35,7
2020.04.30D12:00:02.379145989,LOM0_P1350,1.67,1.74,13,7
2020.04.30D12:00:02.379149625,LOM0_P1400,1.77,1.84,28,6
2020.04.30D12:00:02.379153346,LOM0_P1450,1.89,1.96,23,5
2020.04.30D12:00:02.379156696,LOM0_P1500,2.02,2.1,7,15
2020.04.30D12:00:02.379160282,LOM0_P1550,2.16,2.23,5,5
2020.04.30D12:00:02.379164091,LOM0_P1600,2.31,2.38,8,7
2020.04.30D12:00:02.379167925,LOM0_P1650,2.48,2.56,7,8
2020.04.30D12:00:02.379171742,LOM0_P1700,2.66,2.75,6,14
2020.04.30D12:00:02.379175218,LOM0_P1750,2.85,2.93,3,3
2020.04.30D12:00:02.379178783,LOM0_P1800,3.07,3.16,1,6
2020.04.30D12:00:02.379236480,LOM0_P1850,3.3,3.4,1,2
2020.04.30D12:00:02.379241225,LOM0_P1900,3.53,3.65,9,1
2020.04.30D12:00:02.379244548,LOM0_P1950,3.8,3.93,9,2
2020.04.30D12:00:02.379248075,LOM0_P2000,4.09,4.22,9,1
2020.04.30D12:00:02.379251832,LOM0_P2050,4.4,4.53,9,1
2020.04.30D12:00:02.379255235,LOM0_P2100,4.73,4.86,9,1
2020.04.30D12:00:02.379258830,LOM0_P2150,5.08,5.21,1,2
2020.04.30D12:00:02.379262899,LOM0_P2200,5.44,5.57,7,1
2020.04.30D12:00:02.379266705,LOM0_P2500,7.87,8.09,2,2
2020.04.30D12:00:02.379270183,LON0_C2200,3.18,3.29,5,13
2020.04.30D12:00:02.379273935,LON0_C2250,2.94,3.05,5,13
2020.04.30D12:00:02.379277554,LON0_C2300,2.71,2.82,5,15
2020.04.30D12:00:02.379281218,LON0_C2350,2.5,2.6,5,13
2020.04.30D12:00:02.379284856,LON0_C2400,2.3,2.4,5,16
2020.04.30D12:00:02.379288691,LON0_C2450,2.12,2.21,5,13
2020.04.30D12:00:02.379292206,LON0_C2500,1.95,2.04,5,17
2020.04.30D12:00:02.379295762,LON0_C2550,1.79,1.88,5,12
2020.04.30D12:00:02.379299161,LON0_C2600,1.64,1.73,5,12
2020.04.30D12:00:02.379302911,LON0_C2650,1.49,1.59,9,13
2020.04.30D12:00:02.379306483,LON0_C2700,1.36,1.46,9,17
2020.04.30D12:00:02.379372773,LON0_C2750,1.24,1.34,9,18
2020.04.30D12:00:02.379377392,LON0_C2800,1.13,1.23,4,17
2020.04.30D12:00:02.379380808,LON0_C2850,1.04,1.13,4,10
2020.04.30D12:00:02.379384355,LON0_C2900,0.94,1.04,4,19
2020.04.30D12:00:02.379387938,LON0_C2950,0.86,0.95,6,6
2020.04.30D12:00:02.379391486,LON0_C3000,0.81,0.87,1,7
2020.04.30D12:00:02.379394972,LON0_C3050,0.72,0.8,6,6
2020.04.30D12:00:02.379398585,LON0_C3100,0.65,0.74,6,6
2020.04.30D12:00:02.379402125,LON0_C3150,0.59,0.68,7,7
2020.04.30D12:00:02.379405819,LON0_C3200,0.54,0.63,7,17
2020.04.30D12:00:02.379409107,LON0_C3250,0.49,0.58,24,7
2020.04.30D12:00:02.379412289,LON0_C3300,0.46,0.53,2,19
2020.04.30D12:00:02.379415663,LON0_C3350,0.41,0.5,23,7
2020.04.30D12:00:02.379419269,LON0_C3400,0.38,0.46,10,13
2020.04.30D12:00:02.379423053,LON0_C3450,0.35,0.43,10,10
2020.04.30D12:00:02.379426605,LON0_C3500,0.34,0.39,2,4
2020.04.30D12:00:02.379430057,LON0_C3550,0.3,0.38,26,20
2020.04.30D12:00:02.379433936,LON0_C3600,0.27,0.35,31,13
2020.04.30D12:00:02.379437566,LON0_C3650,0.25,0.34,38,43
2020.04.30D12:00:02.379441258,LON0_C3700,0.24,0.31,26,13
2020.04.30D12:00:02.379444873,LON0_C3750,0.22,0.3,29,20
2020.04.30D12:00:02.379499390,LON0_C3800,0.23,0.28,3,19
2020.04.30D12:00:02.379504470,LON0_C3850,0.2,0.27,26,20
2020.04.30D12:00:02.379507887,LON0_C3900,0.21,0.25,3,19
2020.04.30D12:00:02.379511579,LON0_C3950,0.18,0.25,15,25
2020.04.30D12:00:02.379515371,LON0_P1000,1.51,1.58,7,19
2020.04.30D12:00:02.379518860,LON0_P1100,1.61,1.7,31,18
2020.04.30D12:00:02.379522709,LON0_P1150,1.68,1.77,25,23
2020.04.30D12:00:02.379526556,LON0_P1200,1.74,1.84,28,23
2020.04.30D12:00:02.379530490,LON0_P1250,1.82,1.91,29,23
2020.04.30D12:00:02.379534217,LON0_P1300,1.9,1.99,29,23
2020.04.30D12:00:02.379538161,LON0_P1350,1.98,2.07,27,5
2020.04.30D12:00:02.379541872,LON0_P1400,2.07,2.16,27,5
2020.04.30D12:00:02.379545517,LON0_P1450,2.17,2.26,23,5
2020.04.30D12:00:02.379548857,LON0_P1500,2.27,2.37,27,9
2020.04.30D12:00:02.379552328,LON0_P1550,2.38,2.48,23,9
2020.04.30D12:00:02.379555792,LON0_P1600,2.5,2.6,9,17
2020.04.30D12:00:02.379559293,LON0_P1650,2.62,2.72,9,15
2020.04.30D12:00:02.379563134,LON0_P1700,2.75,2.86,8,18
2020.04.30D12:00:02.379608474,LON0_P1750,2.89,2.99,8,9
2020.04.30D12:00:02.379612533,LON0_P1800,3.04,3.14,8,12
2020.04.30D12:00:02.379616232,LON0_P1850,3.2,3.3,8,12
2020.04.30D12:00:02.379619668,LON0_P1900,3.37,3.47,8,7
2020.04.30D12:00:02.379623279,LON0_P1950,3.55,3.65,6,4
2020.04.30D12:00:02.379627133,LON0_P2000,3.74,3.85,6,9
2020.04.30D12:00:02.379630865,LON0_P2050,3.94,4.05,6,10
2020.04.30D12:00:02.379634413,LON0_P2100,4.16,4.27,6,4
2020.04.30D12:00:02.379638422,LON0_P2150,4.39,4.51,6,6
2020.04.30D12:00:02.379642350,LON0_P2200,4.64,4.76,6,6
2020.04.30D12:00:02.379646071,LON0_P2250,4.89,5.02,6,6
2020.04.30D12:00:02.379649349,LON0_P2300,5.17,5.3,6,6
2020.04.30D12:00:02.379653165,LON0_P2350,5.45,5.58,6,6
2020.04.30D12:00:02.386622182,LON0_C2000,4.22,4.44,6,6
2020.04.30D12:00:02.386626206,LON0_P2200,4.64,4.76,6,6
2020.04.30D12:00:02.386629776,LON0_C1900,4.83,5.07,6,12
2020.04.30D12:00:02.386746683,LOM0_P1850,3.3,3.4,6,2
2020.04.30D12:00:02.386757577,LON0_P1950,3.55,3.65,6,4
2020.04.30D12:00:02.386761182,LON0_C2400,2.3,2.4,5,16
2020.04.30D12:00:02.386764608,LON0_P1700,2.75,2.86,26,18
2020.04.30D12:00:02.386768290,LON0_P1650,2.62,2.72,27,15
2020.04.30D12:00:02.386809855,LOM0_P1850,3.3,3.4,5,2
2020.04.30D12:00:02.387299286,LON0_P1700,2.75,2.86,22,18
2020.04.30D12:00:02.388678775,LOM0_C1700,3.2,3.29,2,8
2020.04.30D12:00:02.388683549,LON0_C2100,3.69,3.82,5,6
2020.04.30D12:00:02.388687216,LON0_C2250,2.94,3.05,5,13
2020.04.30D12:00:02.388690841,LON0_C2500,1.95,2.04,5,17
2020.04.30D12:00:02.388694152,LOM0_C1850,2.35,2.43,4,10
2020.04.30D12:00:02.388697668,LOM0_C2000,1.7,1.74,2,10
2020.04.30D12:00:02.388701011,LOM0_P1100,1.27,1.32,10,4
2020.04.30D12:00:02.388704332,LON0_P1550,2.38,2.48,23,5
2020.04.30D12:00:02.388707551,LON0_P1600,2.5,2.6,9,13
2020.04.30D12:00:02.388711351,LON0_P1800,3.04,3.14,8,9
2020.04.30D12:00:02.388731421,LOM0_C1800,2.62,2.7,3,10
2020.04.30D12:00:02.388734847,LOM0_C1950,1.87,1.95,5,14
2020.04.30D12:00:02.388739229,LON0_C2450,2.12,2.21,5,13
2020.04.30D12:00:02.388742997,LOM0_C2100,1.31,1.39,7,15
2020.04.30D12:00:02.388746818,LOM0_C2200,1.03,1.09,8,9
2020.04.30D12:00:02.388750283,LOM0_C2450,0.55,0.6,7,13
2020.04.30D12:00:02.388753776,LON0_C2150,3.42,3.55,5,14
2020.04.30D12:00:02.388757136,LON0_C2400,2.3,2.4,5,16
2020.04.30D12:00:02.388760682,LON0_P1300,1.9,1.99,29,17
2020.04.30D12:00:02.388778523,LON0_C1850,5.15,5.4,6,12
2020.04.30D12:00:02.388782189,LON0_P2000,3.74,3.85,6,9
2020.04.30D12:00:02.388820083,LOM0_C1000,8.64,8.82,1,7
2020.04.30D12:00:02.388823976,LOM0_C1050,8.2,8.37,1,7
2020.04.30D12:00:02.388827493,LOM0_C1100,7.77,7.93,7,13
2020.04.30D12:00:02.388831045,LOM0_C1250,6.49,6.64,8,13
2020.04.30D12:00:02.388834624,LOM0_C1300,6.08,6.23,8,9
2020.04.30D12:00:02.388838070,LOM0_C1350,5.68,5.83,8,9
2020.04.30D12:00:02.388841666,LOM0_C1550,4.18,4.29,1,2
2020.04.30D12:00:02.388865973,LON0_P2350,5.45,5.58,6,6
2020.04.30D12:00:02.388870193,LON0_C1700,6.19,6.46,2,12
2020.04.30D12:00:02.388873727,LON0_P1950,3.55,3.65,6,4
2020.04.30D12:00:02.389028506,LOM0_C2300,0.79,0.86,12,11
2020.04.30D12:00:02.389038107,LON0_P1650,2.62,2.72,23,15
2020.04.30D12:00:02.389042117,LON0_C2750,1.24,1.34,9,18
2020.04.30D12:00:02.389052586,LON0_C1800,5.49,5.74,6,12
2020.04.30D12:00:02.389056431,LON0_C2100,3.69,3.82,5,6
2020.04.30D12:00:02.389086772,LON0_P1000,1.51,1.58,7,19
2020.04.30D12:00:02.389396259,LOM0_P1850,3.3,3.4,5,2
2020.04.30D12:00:02.389400292,LOM0_C1800,2.62,2.7,3,10
2020.04.30D12:00:02.389403588,LOM0_C1950,1.87,1.95,5,14
2020.04.30D12:00:02.389406947,LOM0_P1550,2.16,2.23,5,5
2020.04.30D12:00:02.389410411,LOM0_C2150,1.16,1.23,12,9
2020.04.30D12:00:02.389426356,LON0_C2100,3.69,3.82,5,6
2020.04.30D12:00:02.389430152,LON0_P2150,4.39,4.51,6,6
2020.04.30D12:00:02.389433331,LON0_P2000,3.74,3.85,6,9
2020.04.30D12:00:02.389437252,LON0_C2300,2.71,2.82,5,15
2020.04.30D12:00:02.389442142,LON0_P1900,3.37,3.47,8,7
2020.04.30D12:00:02.389445659,LON0_C2400,2.3,2.4,5,16
2020.04.30D12:00:02.389450700,LON0_P1850,3.2,3.3,8,12
2020.04.30D12:00:02.389454327,LON0_P1800,3.04,3.14,8,9
2020.04.30D12:00:02.389542140,LOM0_C1050,8.2,8.37,1,7
2020.04.30D12:00:02.389546462,LOM0_C1100,7.77,7.93,7,13
2020.04.30D12:00:02.389549866,LOM0_C1250,6.49,6.64,8,13
2020.04.30D12:00:02.389553500,LOM0_C1350,5.68,5.83,8,9
2020.04.30D12:00:02.389556933,LOM0_C1550,4.18,4.29,1,2
2020.04.30D12:00:02.389727379,LON0_C2550,1.79,1.88,5,12
2020.04.30D12:00:02.389731040,LON0_P1600,2.5,2.6,9,13
2020.04.30D12:00:02.389734209,LON0_C2700,1.36,1.46,9,17
2020.04.30D12:00:02.389739369,LON0_C2750,1.24,1.34,9,18
2020.04.30D12:00:02.389742728,LON0_P1450,2.17,2.26,23,5
2020.04.30D12:00:02.389745896,LON0_C2800,1.13,1.23,4,17
2020.04.30D12:00:02.389835859,LON0_P1000,1.51,1.58,7,19
2020.04.30D12:00:02.389875641,LOM0_C1000,8.64,8.81,1,5
2020.04.30D12:00:02.389879674,LOM0_C1050,8.2,8.36,1,5
2020.04.30D12:00:02.389883051,LOM0_C1100,7.77,7.92,7,5
2020.04.30D12:00:02.389886965,LOM0_C1150,7.33,7.49,7,13
2020.04.30D12:00:02.389890700,LOM0_C1200,6.91,7.06,7,13
2020.04.30D12:00:02.389894136,LOM0_C1300,6.08,6.23,8,14
2020.04.30D12:00:02.389897361,LOM0_C1650,3.51,3.61,1,1
2020.04.30D12:00:02.389900545,LOM0_C1700,3.2,3.29,2,8
2020.04.30D12:00:02.389904876,LOM0_C1750,2.89,2.98,3,13
2020.04.30D12:00:02.389908381,LOM0_C1800,2.62,2.7,3,10
2020.04.30D12:00:02.389911771,LOM0_C1900,2.1,2.18,5,12
2020.04.30D12:00:02.389922296,LOM0_P1400,1.77,1.84,28,6
2020.04.30D12:00:02.389926435,LOM0_P800,0.91,0.97,23,4
2020.04.30D12:00:02.389982488,LOM0_C1950,1.87,1.95,5,14
2020.04.30D12:00:02.389986173,LOM0_C1750,2.89,2.98,3,18
2020.04.30D12:00:02.389989377,LOM0_C1500,4.53,4.69,13,9
2020.04.30D12:00:02.389993344,LOM0_C1450,4.9,5.07,13,14
2020.04.30D12:00:02.389996753,LON0_P2000,3.74,3.85,6,4
2020.04.30D12:00:02.390000184,LOM0_C1550,4.18,4.29,1,2
2020.04.30D12:00:02.390003568,LOM0_P1500,2.02,2.1,7,15
2020.04.30D12:00:02.390006992,LOM0_C1650,3.51,3.61,1,2
2020.04.30D12:00:02.390035676,LOM0_C1950,1.87,1.95,5,14
2020.04.30D12:00:02.390045976,LON0_C2100,3.69,3.82,5,6
2020.04.30D12:00:02.390049516,LON0_P1700,2.75,2.86,8,18
2020.04.30D12:00:02.390052749,LON0_C2700,1.36,1.46,9,17
2020.04.30D12:00:02.390056373,LON0_C2800,1.13,1.23,4,17
2020.04.30D12:00:02.390060169,LON0_C2900,0.94,1.04,4,19
2020.04.30D12:00:02.390296016,LOM0_P1700,2.66,2.75,6,14
2020.04.30D12:00:02.390320477,LON0_P1700,2.75,2.86,8,18
2020.04.30D12:00:02.390391742,LOM0_C2000,1.7,1.74,2,14
2020.04.30D12:00:02.390660581,LOM0_C1100,7.77,7.92,1,5
2020.04.30D12:00:02.390664470,LOM0_C1200,6.91,7.06,1,13
2020.04.30D12:00:02.390667764,LOM0_C1250,6.49,6.64,2,13
2020.04.30D12:00:02.390671623,LOM0_C1300,6.08,6.23,1,14
2020.04.30D12:00:02.390675263,LOM0_C1350,5.68,5.83,1,9
2020.04.30D12:00:02.390680016,LOM0_C1450,4.9,5.07,6,14
2020.04.30D12:00:02.390683914,LOM0_C1500,4.53,4.69,6,9
2020.04.30D12:00:02.390687552,LOM0_C1550,4.18,4.29,1,2
2020.04.30D12:00:02.390691081,LOM0_C1600,3.84,3.94,1,1
2020.04.30D12:00:02.390694691,LOM0_P1650,2.48,2.56,7,8
2020.04.30D12:00:02.390698026,LOM0_P1700,2.66,2.75,6,14
2020.04.30D12:00:02.390701522,LOM0_P1800,3.07,3.16,1,6
2020.04.30D12:00:02.390705218,LOM0_P1950,3.8,3.93,9,2
2020.04.30D12:00:02.390708812,LOM0_P2100,4.73,4.86,9,1
2020.04.30D12:00:02.390712396,LOM0_P2150,5.08,5.21,1,2
2020.04.30D12:00:02.390731497,LON0_C4200,0.14,0.19,14,13
2020.04.30D12:00:02.390754596,LOM0_P1550,2.16,2.23,11,5
2020.04.30D12:00:02.390758335,LOM0_P1750,2.85,2.93,3,3
2020.04.30D12:00:02.391047405,LOM0_P1250,1.49,1.55,8,7
2020.04.30D12:00:02.391326471,LOM0_P1800,3.07,3.16,1,1
2020.04.30D12:00:02.391332284,LOM0_P1650,2.48,2.56,7,3
2020.04.30D12:00:02.391335781,LOM0_P2150,5.08,5.21,2,1
2020.04.30D12:00:02.391339604,LOM0_P1400,1.77,1.84,33,6
2020.04.30D12:00:02.391343229,LOM0_C1600,3.84,3.94,1,2
2020.04.30D12:00:02.391346742,LOM0_C2100,1.31,1.39,7,15
2020.04.30D12:00:02.391350499,LOM0_P1950,3.8,3.93,9,1
2020.04.30D12:00:02.391353835,LOM0_P1850,3.3,3.4,5,1
2020.04.30D12:00:02.391357484,LOM0_P2200,5.44,5.57,8,1
2020.04.30D12:00:02.391360793,LOM0_P2100,4.73,4.86,9,1
2020.04.30D12:00:02.391364695,LOM0_P1350,1.67,1.74,18,7
2020.04.30D12:00:02.391368025,LOM0_P1550,2.16,2.23,11,5
2020.04.30D12:00:02.391371957,LOM0_P1700,2.66,2.75,6,14
2020.04.30D12:00:02.391378910,LOM0_C2500,0.49,0.53,6,16
2020.04.30D12:00:02.391385002,LOM0_C2700,0.3,0.36,28,18
2020.04.30D12:00:02.391398113,LOM0_P1000,1.15,1.19,2,2
2020.04.30D12:00:02.391424021,LOM0_P1100,1.27,1.32,10,4
2020.04.30D12:00:02.391448854,LON0_C3150,0.59,0.68,7,7
2020.04.30D12:00:02.391479746,LON0_C3200,0.54,0.63,7,17
2020.04.30D12:00:02.391590327,LON0_P2150,4.39,4.51,6,1
2020.04.30D12:00:02.391594116,LON0_P2350,5.45,5.58,6,1
2020.04.30D12:00:02.391598660,LON0_P1750,2.89,2.99,8,4
2020.04.30D12:00:02.391602070,LON0_P1850,3.2,3.3,8,7
2020.04.30D12:00:02.391605527,LON0_C2550,1.78,1.88,8,12
2020.04.30D12:00:02.391608723,LON0_C2600,1.63,1.73,8,12
2020.04.30D12:00:02.392033492,LOM0_C250,14.44,0,1,0
2020.04.30D12:00:02.392243540,LON0_C1900,4.83,5.07,6,17
2020.04.30D12:00:02.392395586,LOM0_C1000,8.64,8.81,1,5
2020.04.30D12:00:02.392399563,LOM0_C1050,8.2,8.36,1,5
2020.04.30D12:00:02.392402769,LON0_C1850,5.15,5.4,6,17
2020.04.30D12:00:02.392408283,LON0_C1700,6.19,6.46,2,13
2020.04.30D12:00:02.392411681,LON0_C1800,5.49,5.74,6,17
2020.04.30D12:00:02.392420571,LOM0_C250,14.43,0,1,0
2020.04.30D12:00:02.392425222,LOM0_P4000,21.5,23.67,2,1
2020.04.30D12:00:02.392452320,LON0_C2200,3.18,3.29,5,13
2020.04.30D12:00:02.392619391,LOM0_P2200,5.44,5.57,8,1
2020.04.30D12:00:02.392675204,LON0_P1650,2.62,2.72,9,15
2020.04.30D12:00:02.392787523,LOM0_C1100,7.77,7.92,1,6
2020.04.30D12:00:02.392791016,LOM0_C1300,6.08,6.23,1,14
2020.04.30D12:00:02.392795436,LOM0_C1200,6.91,7.06,1,13
2020.04.30D12:00:02.392798872,LOM0_C1000,8.64,8.81,1,6
2020.04.30D12:00:02.392802544,LOM0_C1050,8.2,8.36,1,6
2020.04.30D12:00:02.392808155,LON0_C4200,0.14,0.19,14,17
2020.04.30D12:00:02.392969750,LON0_P1750,2.89,3,8,17
2020.04.30D12:00:02.393000463,LOM0_C1250,6.49,6.64,1,13
2020.04.30D12:00:02.393004189,LOM0_C1350,5.68,5.83,1,9
2020.04.30D12:00:02.395379814,LON0_C2050,3.93,4.15,6,12
2020.04.30D12:00:02.395383568,LON0_P1600,2.5,2.6,9,13
2020.04.30D12:00:02.395386735,LON0_P1700,2.75,2.86,8,18
2020.04.30D12:00:02.395390480,LON0_C2300,2.71,2.82,5,15
2020.04.30D12:00:02.395393673,LON0_C2250,2.94,3.05,5,13
2020.04.30D12:00:02.395625301,LON0_P2250,4.89,5.02,6,6
2020.04.30D12:00:02.395629350,LON0_C2150,3.42,3.55,5,14
2020.04.30D12:00:02.395632537,LON0_P2300,5.17,5.3,6,6
2020.04.30D12:00:02.395636266,LON0_P2150,4.39,4.51,6,1
2020.04.30D12:00:02.395639744,LON0_C2550,1.78,1.88,8,12
2020.04.30D12:00:02.395642850,LON0_C1750,5.83,6.08,6,12
2020.04.30D12:00:02.395646505,LON0_P2400,5.7,5.96,12,2
2020.04.30D12:00:02.396652032,LON0_C2050,3.93,4.15,6,17
2020.04.30D12:00:02.396656205,LON0_C1750,5.83,6.08,6,17
2020.04.30D12:00:02.396659353,LON0_P2400,5.7,5.96,13,2
2020.04.30D12:00:02.400230601,LOM0_C1800,2.62,2.7,3,10
2020.04.30D12:00:02.400234390,LOM0_P1800,3.07,3.16,1,1
2020.04.30D12:00:02.400237400,LOM0_P1650,2.48,2.56,7,3
2020.04.30D12:00:02.400250311,LON0_P1700,2.75,2.86,8,18
2020.04.30D12:00:02.400622416,LOM0_P1350,1.67,1.74,13,7
2020.04.30D12:00:02.403412304,LON0_C2900,0.93,1.04,9,19
2020.04.30D12:00:02.403416072,LOM0_P1100,1.27,1.32,10,4
2020.04.30D12:00:02.403419631,LOM0_C500,12.11,0,1,0
2020.04.30D12:00:02.403423322,LOM0_P4050,21.89,24.17,1,1
2020.04.30D12:00:02.403426837,LOM0_P4100,22.39,24.67,1,1
2020.04.30D12:00:02.403430376,LON0_C200,17.43,0,1,0
2020.04.30D12:00:02.403433805,LON0_C300,16.39,0,1,0
2020.04.30D12:00:02.403437364,LON0_C350,15.91,0,1,0
2020.04.30D12:00:02.403440787,LON0_C400,15.43,0,1,0
2020.04.30D12:00:02.403444068,LON0_C500,14.49,0,1,0
2020.04.30D12:00:02.403447544,LON0_C550,14.03,0,1,0
2020.04.30D12:00:02.403450733,LON0_C600,13.57,0,1,0
2020.04.30D12:00:02.403623226,LON0_P1550,2.38,2.48,23,5
2020.04.30D12:00:02.403626847,LOM0_P4000,21.5,23.66,2,1
2020.04.30D12:00:02.403819605,LON0_C3050,0.72,0.81,6,16
2020.04.30D12:00:02.403823313,LON0_C1800,5.49,5.74,6,18
2020.04.30D12:00:02.403826425,LON0_C1700,6.19,6.46,2,14
2020.04.30D12:00:02.403829584,LON0_C1850,5.15,5.4,6,18
2020.04.30D12:00:02.403833033,LON0_C3100,0.65,0.75,6,31
2020.04.30D12:00:02.403836103,LON0_C3150,0.59,0.69,7,32
2020.04.30D12:00:02.403840100,LON0_C3250,0.49,0.59,24,36
2020.04.30D12:00:02.403843772,LON0_C3350,0.41,0.51,23,41
2020.04.30D12:00:02.403847026,LOM0_P4050,21.9,24.17,1,1
2020.04.30D12:00:02.403850739,LOM0_P4400,25.38,0,1,0
2020.04.30D12:00:02.403854453,LOM0_P5000,31.36,0,1,0
2020.04.30D12:00:02.404051712,LON0_C2550,1.78,1.88,5,12
2020.04.30D12:00:02.404055373,LOM0_C1600,3.83,3.94,1,2
2020.04.30D12:00:02.404058650,LOM0_C1800,2.62,2.7,3,10
2020.04.30D12:00:02.404062380,LOM0_C1550,4.17,4.29,1,2
2020.04.30D12:00:02.404065501,LON0_P1750,2.89,3,8,14
2020.04.30D12:00:02.404069122,LOM0_C1000,8.63,8.81,1,6
2020.04.30D12:00:02.404072223,LOM0_C1050,8.19,8.36,1,6
2020.04.30D12:00:02.404075472,LOM0_P2100,4.73,4.87,9,1
2020.04.30D12:00:02.404078685,LON0_C3050,0.71,0.81,6,16
2020.04.30D12:00:02.404082163,LOM0_P2000,4.09,4.23,9,2
2020.04.30D12:00:02.404085542,LOM0_C2200,1.03,1.09,8,9
2020.04.30D12:00:02.404088580,LON0_C2850,1.03,1.13,4,10
2020.04.30D12:00:02.404188504,LON0_P1600,2.5,2.6,9,17
2020.04.30D12:00:02.404192379,LOM0_C1700,3.2,3.29,2,8
2020.04.30D12:00:02.404195498,LON0_C2100,3.69,3.82,5,6
2020.04.30D12:00:02.404198830,LON0_C2200,3.18,3.29,5,13
2020.04.30D12:00:02.404202179,LOM0_C1850,2.35,2.43,4,10
2020.04.30D12:00:02.404205424,LON0_C3200,0.53,0.63,25,17
2020.04.30D12:00:02.404208775,LON0_C3400,0.37,0.46,37,13
2020.04.30D12:00:02.404212087,LON0_C2500,1.95,2.04,5,17
2020.04.30D12:00:02.404215413,LON0_P1800,3.04,3.14,8,9
2020.04.30D12:00:02.404218700,LON0_C2950,0.85,0.95,6,6
2020.04.30D12:00:02.404603745,LOM0_C1600,3.83,3.94,1,1
2020.04.30D12:00:02.404607300,LOM0_P2150,5.08,5.21,1,1
2020.04.30D12:00:02.405597959,LOM0_C1600,3.83,3.95,1,2
2020.04.30D12:00:02.405603534,LOM0_C1550,4.17,4.29,1,2
2020.04.30D12:00:02.405606877,LOM0_C1000,8.63,8.81,1,6
2020.04.30D12:00:02.405610599,LOM0_C1050,8.19,8.36,1,6
2020.04.30D12:00:02.405613980,LOM0_P2100,4.73,4.87,9,1
2020.04.30D12:00:02.405722016,LON0_C3400,0.37,0.46,33,13
2020.04.30D12:00:02.408526305,LOM0_C2200,1.03,1.09,8,9
2020.04.30D12:00:02.408529729,LON0_C2800,1.12,1.23,9,17
2020.04.30D12:00:02.408533057,LON0_P1300,1.9,1.99,29,17
2020.04.30D12:00:02.408537135,LOM0_C2450,0.55,0.6,7,13
2020.04.30D12:00:02.408540298,LON0_C3950,0.18,0.25,15,25
2020.04.30D12:00:02.408543588,LOM0_C100,15.96,0,1,0
2020.04.30D12:00:02.408547205,LOM0_C150,15.4,0,1,0
2020.04.30D12:00:02.408551168,LOM0_C200,14.9,0,1,0
2020.04.30D12:00:02.408555031,LOM0_C300,13.96,0,1,0
2020.04.30D12:00:02.408558288,LOM0_C350,13.5,0,1,0
2020.04.30D12:00:02.408561997,LOM0_C400,13.04,0,1,0
2020.04.30D12:00:02.408565678,LON0_C250,16.88,0,1,0
2020.04.30D12:00:02.408740708,LON0_C1900,4.83,5.07,6,18
2020.04.30D12:00:02.408744345,LON0_C3450,0.35,0.44,10,35
2020.04.30D12:00:02.408941703,LON0_C2250,2.94,3.05,5,13
2020.04.30D12:00:02.408945432,LON0_C3000,0.81,0.87,1,7
2020.04.30D12:00:02.408948554,LON0_C2300,2.71,2.82,5,15
2020.04.30D12:00:02.408952107,LOM0_C1650,3.5,3.61,1,2
2020.04.30D12:00:02.408955518,LOM0_C1700,3.2,3.29,2,8
2020.04.30D12:00:02.408958830,LOM0_P2200,5.44,5.58,8,1
2020.04.30D12:00:02.408962040,LOM0_C1100,7.76,7.92,1,6
2020.04.30D12:00:02.408965068,LOM0_C1200,6.9,7.06,1,13
2020.04.30D12:00:02.408968482,LON0_C2500,1.95,2.04,5,17
2020.04.30D12:00:02.408971823,LON0_C2600,1.63,1.73,5,12
2020.04.30D12:00:02.408974949,LOM0_P1900,3.53,3.66,9,2
2020.04.30D12:00:02.408978401,LOM0_P2050,4.4,4.54,9,2
2020.04.30D12:00:02.409028452,LOM0_C2100,1.31,1.39,10,15
2020.04.30D12:00:02.409031834,LOM0_C1800,2.62,2.7,3,10
2020.04.30D12:00:02.409034674,LOM0_C1950,1.87,1.95,5,14
2020.04.30D12:00:02.409037890,LON0_C2400,2.3,2.4,5,16
2020.04.30D12:00:02.409041356,LON0_C2450,2.12,2.21,5,13
2020.04.30D12:00:02.409045110,LON0_C3450,0.34,0.44,33,35
2020.04.30D12:00:02.409048359,LON0_C3100,0.64,0.75,23,31
2020.04.30D12:00:02.409051881,LON0_C3150,0.58,0.69,25,32
2020.04.30D12:00:02.409751035,LOM0_P1800,3.06,3.16,13,1
2020.04.30D12:00:02.409755313,LON0_C3500,0.34,0.39,2,14
2020.04.30D12:00:02.409758582,LON0_P1000,1.5,1.58,66,19
2020.04.30D12:00:02.409761995,LON0_C2950,0.85,0.96,6,40
2020.04.30D12:00:02.409765292,LOM0_C1000,8.63,8.81,1,7
2020.04.30D12:00:02.410255633,LOM0_P2200,5.44,5.58,7,1
2020.04.30D12:00:02.410259126,LOM0_C1100,7.76,7.92,1,6
2020.04.30D12:00:02.410262154,LOM0_C1200,6.9,7.06,1,13
2020.04.30D12:00:02.410265427,LOM0_P1800,3.06,3.16,13,1
2020.04.30D12:00:02.420824645,LOM0_P1850,3.3,3.4,1,1
2020.04.30D12:00:02.421574097,LON0_C2450,2.12,2.21,5,13
2020.04.30D12:00:02.421577718,LON0_C2550,1.78,1.88,5,12
2020.04.30D12:00:02.421656354,LON0_P1550,2.38,2.48,9,5
2020.04.30D12:00:02.422288660,LOM0_C1800,2.62,2.7,3,10
2020.04.30D12:00:02.423594872,LON0_C1750,5.83,6.08,6,18
2020.04.30D12:00:02.423598400,LON0_P2400,5.7,5.96,14,2
2020.04.30D12:00:02.423849174,LOM0_C1950,1.87,1.95,5,14
2020.04.30D12:00:02.423852730,LOM0_C1350,5.67,5.83,1,9
2020.04.30D12:00:02.423855803,LOM0_C1300,6.07,6.23,1,14
2020.04.30D12:00:02.423859112,LOM0_C1650,3.49,3.61,2,2
2020.04.30D12:00:02.423862578,LON0_P2350,5.45,5.59,6,6
2020.04.30D12:00:02.423865993,LOM0_C1100,7.75,7.92,2,6
2020.04.30D12:00:02.423869184,LOM0_P1800,3.06,3.17,13,6
2020.04.30D12:00:02.423872409,LOM0_P2200,5.44,5.59,7,2
2020.04.30D12:00:02.423875821,LOM0_C1200,6.89,7.06,7,13
2020.04.30D12:00:02.423879228,LOM0_P1850,3.3,3.41,1,2
2020.04.30D12:00:02.424081108,LOM0_C1100,7.75,7.92,2,7
2020.04.30D12:00:02.424084919,LOM0_C1050,8.19,8.36,1,7
2020.04.30D12:00:02.424550843,LON0_C2850,1.02,1.13,26,10
2020.04.30D12:00:02.424554788,LON0_C3050,0.7,0.81,24,16
2020.04.30D12:00:02.424558250,LON0_C2950,0.84,0.96,34,40
2020.04.30D12:00:02.424681110,LON0_C1750,5.83,6.08,6,18
2020.04.30D12:00:02.424684597,LON0_P2400,5.7,5.96,14,2
2020.04.30D12:00:02.424743873,LON0_C2050,3.93,4.15,6,18
2020.04.30D12:00:02.424966253,LOM0_C1250,6.48,6.64,2,13
2020.04.30D12:00:02.424969894,LON0_C2600,1.63,1.73,8,12
2020.04.30D12:00:02.424972996,LOM0_C1550,4.16,4.29,7,2
2020.04.30D12:00:02.424976440,LOM0_C1600,3.82,3.95,2,2
2020.04.30D12:00:02.424979876,LOM0_P2150,5.08,5.22,1,2
2020.04.30D12:00:02.424983261,LOM0_C1050,8.18,8.36,7,7
2020.04.30D12:00:02.424986746,LOM0_P1950,3.8,3.94,9,2
2020.04.30D12:00:02.424989703,LOM0_C1000,8.62,8.81,7,7
2020.04.30D12:00:02.424992983,LOM0_P2100,4.73,4.88,9,2
2020.04.30D12:00:02.424996305,LON0_P2150,4.39,4.52,6,6
2020.04.30D12:00:02.424999583,LOM0_C1700,3.2,3.29,2,8
2020.04.30D12:00:02.426139092,LOM0_P1200,1.41,1.47,10,7
2020.04.30D12:00:02.426142922,LOM0_P1700,2.66,2.75,6,14
2020.04.30D12:00:02.426146313,LOM0_C1400,5.28,5.45,13,14
2020.04.30D12:00:02.426149686,LOM0_P1650,2.48,2.56,7,3
2020.04.30D12:00:02.426153237,LOM0_C1750,2.89,2.98,3,13
2020.04.30D12:00:02.426156507,LON0_P1400,2.07,2.17,27,21
2020.04.30D12:00:02.426159854,LOM0_P2150,5.07,5.22,8,2
2020.04.30D12:00:02.426163123,LOM0_C1950,1.87,1.95,5,14
2020.04.30D12:00:02.426166223,LOM0_C1350,5.67,5.83,1,9
2020.04.30D12:00:02.426169752,LOM0_C1300,6.07,6.23,1,14
2020.04.30D12:00:02.437423353,LOM0_P4000,21.5,23.67,2,1
2020.04.30D12:00:02.437427455,LOM0_P4100,22.39,24.66,1,1
2020.04.30D12:00:02.437430405,LON0_C600,13.58,0,1,0
2020.04.30D12:00:02.437491063,LOM0_C1700,3.2,3.29,3,8
2020.04.30D12:00:02.437494503,LON0_P1750,2.89,3,8,17
2020.04.30D12:00:02.438376982,LOM0_P1850,3.29,3.41,5,2
2020.04.30D12:00:02.438380343,LOM0_P2150,5.08,5.22,1,2
2020.04.30D12:00:02.438696437,LOM0_C1700,3.2,3.29,3,8
2020.04.30D12:00:02.438700250,LOM0_P1850,3.29,3.41,5,2
2020.04.30D12:00:02.440094389,LON0_C250,16.89,0,1,0
2020.04.30D12:00:02.440803218,LOM0_C2200,1.03,1.09,12,9
2020.04.30D12:00:02.440807252,LOM0_C1700,3.2,3.29,3,8
2020.04.30D12:00:02.440810272,LOM0_C1350,5.66,5.83,7,9
2020.04.30D12:00:02.440813796,LOM0_C1300,6.06,6.23,2,14
2020.04.30D12:00:02.451618727,LOM0_P4050,21.89,24.17,1,1
2020.04.30D12:00:02.451679908,LON0_P1800,3.04,3.14,8,12
2020.04.30D12:00:02.451683477,LON0_C2550,1.78,1.88,8,12
2020.04.30D12:00:02.451686688,LOM0_C2200,1.03,1.09,12,9
2020.04.30D12:00:02.452195893,LOM0_P2150,5.07,5.22,8,2
2020.04.30D12:00:02.476551547,LOM0_C1700,3.2,3.29,2,8
2020.04.30D12:00:02.476556912,LON0_C2550,1.78,1.88,5,12
2020.04.30D12:00:02.476560089,LON0_P1800,3.04,3.14,8,9
2020.04.30D12:00:02.485352436,LOM0_C1100,7.75,7.91,2,6
2020.04.30D12:00:02.485355973,LOM0_C1550,4.16,4.29,7,2
2020.04.30D12:00:02.486598975,LOM0_C1100,7.75,7.91,2,7
2020.04.30D12:00:02.495255053,LON0_C250,16.88,0,1,0
2020.04.30D12:00:02.495267107,LOM0_C1700,3.2,3.29,2,8
2020.04.30D12:00:02.502715367,LOM0_C1700,3.2,3.29,2,8
2020.04.30D12:00:02.502718790,LON0_P1800,3.04,3.14,8,9
2020.04.30D12:00:02.502721706,LON0_C2550,1.78,1.88,5,12
2020.04.30D12:00:02.503166071,LOM0_P4050,21.9,24.17,1,1
2020.04.30D12:00:02.514224863,LOM0_C1100,7.75,7.91,2,8
2020.04.30D12:00:02.558237714,LON0_C4050,0.16,0.23,29,41
2020.04.30D12:00:02.572156906,LOM0_C1700,3.2,3.29,3,8
2020.04.30D12:00:02.642446054,LON0_C1650,6.55,6.85,2,2
2020.04.30D12:00:02.642451963,LON0_C1700,6.19,6.46,2,2
2020.04.30D12:00:02.642455103,LON0_C1750,5.83,6.08,6,6
2020.04.30D12:00:02.642458623,LON0_C1800,5.49,5.74,6,6
2020.04.30D12:00:02.642462242,LON0_C1850,5.15,5.4,6,6
2020.04.30D12:00:02.642465225,LON0_C1900,4.83,5.07,6,6
2020.04.30D12:00:02.642468708,LON0_C1950,4.52,4.76,6,6
2020.04.30D12:00:02.642472242,LON0_C2000,4.22,4.44,6,6
2020.04.30D12:00:02.642475556,LON0_C2050,3.93,4.15,6,6
2020.04.30D12:00:02.642478971,LON0_C2100,3.69,3.82,5,6
2020.04.30D12:00:02.642482560,LON0_C2150,3.42,3.55,5,14
2020.04.30D12:00:02.642485884,LON0_C2200,3.18,3.29,5,13
2020.04.30D12:00:02.642489002,LON0_C2250,2.94,3.05,5,13
2020.04.30D12:00:02.642492300,LON0_C2350,2.5,2.6,5,13
2020.04.30D12:00:02.642495943,LON0_C2400,2.3,2.4,5,16
2020.04.30D12:00:02.642499470,LON0_C2450,2.12,2.21,5,13
2020.04.30D12:00:02.642502924,LON0_C2500,1.95,2.04,5,17
2020.04.30D12:00:02.642506389,LON0_C2600,1.63,1.73,8,12
2020.04.30D12:00:02.642509950,LON0_C2650,1.49,1.59,9,13
2020.04.30D12:00:02.642513444,LON0_C2700,1.36,1.46,9,17
2020.04.30D12:00:02.642516941,LON0_C2750,1.24,1.34,9,18
2020.04.30D12:00:02.642520285,LON0_C2800,1.12,1.23,9,17
2020.04.30D12:00:02.642523717,LON0_C2850,1.02,1.13,26,10
2020.04.30D12:00:02.642527011,LON0_C2900,0.93,1.04,9,19
2020.04.30D12:00:02.642565867,LON0_C2950,0.84,0.96,34,40
2020.04.30D12:00:02.642571351,LON0_P1000,1.5,1.58,66,7
2020.04.30D12:00:02.642574875,LON0_P1050,1.55,1.64,31,7
2020.04.30D12:00:02.642578553,LON0_P1100,1.61,1.7,31,6
2020.04.30D12:00:02.642582027,LON0_P1150,1.68,1.77,25,11
2020.04.30D12:00:02.642585589,LON0_P1200,1.74,1.84,28,11
2020.04.30D12:00:02.642588949,LON0_P1250,1.82,1.91,29,11
2020.04.30D12:00:02.642592464,LON0_P1300,1.9,1.99,29,5
2020.04.30D12:00:02.642595833,LON0_P1350,1.98,2.07,27,5
2020.04.30D12:00:02.642598943,LON0_P1400,2.07,2.17,27,9
2020.04.30D12:00:02.642601952,LON0_P1450,2.17,2.26,23,5
2020.04.30D12:00:02.642605984,LON0_P1500,2.27,2.37,27,9
2020.04.30D12:00:02.642609603,LON0_P1550,2.38,2.48,9,5
2020.04.30D12:00:02.642612944,LON0_P1600,2.5,2.6,9,17
2020.04.30D12:00:02.642616475,LON0_P1650,2.62,2.72,9,15
2020.04.30D12:00:02.642654287,LON0_P1700,2.75,2.86,8,18
2020.04.30D12:00:02.642658478,LON0_P1750,2.89,3,8,17
2020.04.30D12:00:02.642661865,LON0_P1800,3.04,3.14,8,9
2020.04.30D12:00:02.642665576,LON0_P1850,3.2,3.3,8,7
2020.04.30D12:00:02.642669209,LON0_P1900,3.37,3.47,8,7
2020.04.30D12:00:02.642672615,LON0_P1950,3.55,3.65,6,4
2020.04.30D12:00:02.642675857,LON0_P2000,3.74,3.85,6,4
2020.04.30D12:00:02.642679100,LON0_P2050,3.94,4.05,6,10
2020.04.30D12:00:02.642682369,LON0_P2100,4.16,4.27,6,4
2020.04.30D12:00:02.642688007,LON0_P2150,4.39,4.52,6,6
2020.04.30D12:00:02.642691420,LON0_P2200,4.64,4.76,6,6
2020.04.30D12:00:02.642694659,LON0_P2250,4.89,5.02,6,6
2020.04.30D12:00:02.642697865,LON0_P2300,5.17,5.3,6,6
2020.04.30D12:00:02.642701207,LON0_P2350,5.45,5.59,6,6
2020.04.30D12:00:02.642704591,LON0_P2400,5.7,5.96,2,2
2020.04.30D12:00:02.642708161,LON0_P950,1.44,1.53,22,7
2020.04.30D12:00:02.644872730,LOM0_C1700,3.2,3.29,2,8
2020.04.30D12:00:02.644909660,LOM0_P1300,1.57,1.64,35,7
2020.04.30D12:00:02.644913131,LOM0_P1500,2.02,2.1,12,15
2020.04.30D12:00:02.644916172,LOM0_P1250,1.49,1.55,13,7
2020.04.30D12:00:02.652163355,LOM0_C1200,6.89,7.06,13,13
2020.04.30D12:00:02.652169195,LOM0_C1250,6.48,6.64,2,13
2020.04.30D12:00:02.652172398,LOM0_C1300,6.06,6.23,9,14
2020.04.30D12:00:02.655318901,LOM0_P4100,22.39,24.67,1,1
2020.04.30D12:00:02.655322824,LON0_C450,14.95,0,1,0
2020.04.30D12:00:02.655325865,LON0_C600,13.57,0,1,0
2020.04.30D12:00:02.655615836,LOM0_C2200,1.03,1.09,12,9
2020.04.30D12:00:02.655619325,LOM0_C1700,3.2,3.29,2,8
2020.04.30D12:00:02.661185246,LON0_P1450,2.17,2.26,23,5
2020.04.30D12:00:02.661189341,LON0_P950,1.44,1.54,22,25
2020.04.30D12:00:02.662403746,LON0_P1450,2.17,2.28,23,18
2020.04.30D12:00:02.669507797,LON0_P1100,1.61,1.71,31,11
2020.04.30D12:00:02.669511586,LON0_P1000,1.5,1.59,66,7
2020.04.30D12:00:02.669514613,LON0_P1050,1.55,1.65,31,33
2020.04.30D12:00:02.669517908,LON0_P1350,1.98,2.07,27,5
2020.04.30D12:00:02.674104643,LON0_P1350,1.98,2.07,27,5
2020.04.30D12:00:02.674108488,LON0_P1000,1.5,1.6,66,35
2020.04.30D12:00:02.697140895,LOM0_C2950,0.2,0.24,4,2
2020.04.30D12:00:02.697457514,LOM0_P1750,2.85,2.93,18,3
2020.04.30D12:00:02.697461438,LOM0_C2750,0.28,0.33,3,3
2020.04.30D12:00:02.697464536,LOM0_C2000,1.7,1.74,2,14
2020.04.30D12:00:02.697467841,LOM0_P1500,2.02,2.1,26,15
2020.04.30D12:00:02.697471287,LOM0_P1350,1.67,1.74,28,7
2020.04.30D12:00:02.697564209,LON0_C2150,3.42,3.55,5,32
2020.04.30D12:00:02.697567719,LON0_P2100,4.16,4.27,25,4
2020.04.30D12:00:02.697570736,LON0_P2050,3.94,4.05,26,10
2020.04.30D12:00:02.697574125,LON0_C2350,2.5,2.6,5,13
2020.04.30D12:00:02.697577530,LON0_P1750,2.89,3,26,17
2020.04.30D12:00:02.697580747,LON0_C2600,1.63,1.73,8,12
2020.04.30D12:00:02.697583978,LON0_C2650,1.49,1.59,9,13
2020.04.30D12:00:02.697587126,LON0_P1200,1.75,1.84,14,11
2020.04.30D12:00:02.697595485,LON0_C3300,0.46,0.53,2,19
2020.04.30D12:00:02.697600729,LON0_C3050,0.7,0.81,24,35
2020.04.30D12:00:02.697763753,LON0_C3600,0.27,0.35,31,13
2020.04.30D12:00:02.697853228,LOM0_P1100,1.27,1.32,10,4
2020.04.30D12:00:02.697907253,LOM0_P1350,1.67,1.74,28,6
2020.04.30D12:00:02.697933006,LON0_P1200,1.75,1.84,19,11
2020.04.30D12:00:02.698166128,LON0_P1200,1.75,1.84,25,11
2020.04.30D12:00:02.698697881,LOM0_P1350,1.67,1.74,33,6
2020.04.30D12:00:02.779606627,LOM0_P4100,22.4,24.67,1,1
2020.04.30D12:00:02.779937110,LON0_C2150,3.42,3.55,5,32
2020.04.30D12:00:02.779940694,LON0_P1300,1.9,1.99,29,5
2020.04.30D12:00:02.791779387,LON0_C500,14.48,0,1,0
2020.04.30D12:00:02.791783859,LON0_C550,14.02,0,1,0
2020.04.30D12:00:02.792551202,LON0_P1800,3.04,3.14,8,9
2020.04.30D12:00:02.792554648,LON0_C2550,1.78,1.88,5,12
2020.04.30D12:00:02.792772177,LON0_P1800,3.04,3.14,8,9
2020.04.30D12:00:02.793787772,LON0_P1800,3.04,3.14,8,4
2020.04.30D12:00:02.793929785,LON0_P1800,3.04,3.17,8,34
2020.04.30D12:00:02.855874450,LOM0_C2200,1.03,1.09,8,9
2020.04.30D12:00:02.856853313,LOM0_C1250,6.48,6.63,2,6
2020.04.30D12:00:02.856857211,LOM0_C1350,5.66,5.83,14,9
2020.04.30D12:00:02.856860538,LOM0_C1600,3.82,3.95,2,2
2020.04.30D12:00:02.856863898,LOM0_P1800,3.06,3.17,13,6
2020.04.30D12:00:02.856867259,LOM0_P1850,3.29,3.41,5,2
2020.04.30D12:00:02.856870758,LOM0_P2050,4.41,4.54,7,2
2020.04.30D12:00:02.856874179,LOM0_P450,0.64,0.73,8,5
2020.04.30D12:00:02.856877385,LON0_P1050,1.55,1.65,38,33
2020.04.30D12:00:02.856880387,LON0_P1100,1.61,1.71,38,11
2020.04.30D12:00:02.858107400,LOM0_P2050,4.41,4.54,8,1
2020.04.30D12:00:02.858111499,LOM0_C1250,6.48,6.63,2,7
2020.04.30D12:00:02.870549282,LOM0_P4550,26.88,0,1,0
2020.04.30D12:00:02.870562981,LOM0_P2050,4.41,4.55,8,2
2020.04.30D12:00:02.872931254,LON0_P1250,1.82,1.91,29,5
2020.04.30D12:00:02.873914122,LOM0_C2200,1.03,1.09,8,9
2020.04.30D12:00:02.874520254,LOM0_P2050,4.41,4.55,9,2
2020.04.30D12:00:02.874523733,LOM0_C1250,6.48,6.63,2,8
2020.04.30D12:00:02.908070057,LOM0_P2200,5.44,5.59,8,2
2020.04.30D12:00:02.929022328,LOM0_C250,14.42,0,1,0
2020.04.30D12:00:02.929025765,LON0_C350,15.9,0,1,0
2020.04.30D12:00:02.958738764,LOM0_P2150,5.07,5.22,8,2
2020.04.30D12:00:02.984227062,LON0_P950,1.44,1.53,22,12
2020.04.30D12:00:02.984602304,LON0_P950,1.44,1.53,22,19
2020.04.30D12:00:02.996176233,LOM0_C2750,0.28,0.33,3,3
2020.04.30D12:00:02.996196736,LON0_C2150,3.42,3.55,5,14
2020.04.30D12:00:02.996822763,LON0_C3600,0.27,0.35,31,13
2020.04.30D12:00:03.084759660,LON0_P1000,1.5,1.59,66,12
2020.04.30D12:00:03.084783586,LON0_P1050,1.55,1.65,38,45
2020.04.30D12:00:03.084906404,LON0_C2950,0.84,0.96,34,40
2020.04.30D12:00:03.084924346,LON0_P1100,1.61,1.71,38,23
2020.04.30D12:00:03.085079941,LON0_C2900,0.93,1.04,9,19
2020.04.30D12:00:03.085087420,LON0_P1150,1.68,1.77,25,23
2020.04.30D12:00:03.085124047,LON0_P1200,1.75,1.84,25,23
2020.04.30D12:00:03.085255819,LON0_C2850,1.02,1.13,26,10
2020.04.30D12:00:03.085281125,LON0_P1250,1.82,1.91,29,5
2020.04.30D12:00:03.085440569,LON0_C2800,1.12,1.23,9,17
2020.04.30D12:00:03.085453600,LON0_P1300,1.9,1.99,29,5
2020.04.30D12:00:03.085608509,LON0_P1350,1.98,2.07,27,5
2020.04.30D12:00:03.085621942,LON0_C2750,1.24,1.34,9,18
2020.04.30D12:00:03.085772243,LON0_P1400,2.07,2.17,27,9
2020.04.30D12:00:03.085936761,LON0_C2700,1.36,1.46,9,17
2020.04.30D12:00:03.085946929,LON0_P1450,2.17,2.28,23,30
2020.04.30D12:00:03.086113947,LON0_C2650,1.49,1.59,9,13
2020.04.30D12:00:03.086117075,LON0_P1500,2.27,2.37,27,9
2020.04.30D12:00:03.086153786,LON0_P1550,2.38,2.48,9,5
2020.04.30D12:00:03.086315366,LON0_C2600,1.63,1.73,8,12
2020.04.30D12:00:03.086342015,LON0_P1600,2.5,2.6,9,17
2020.04.30D12:00:03.086468303,LON0_C2550,1.78,1.88,5,12
2020.04.30D12:00:03.086481538,LON0_P1650,2.62,2.72,9,15
2020.04.30D12:00:03.086641888,LON0_P1700,2.75,2.86,8,18
2020.04.30D12:00:03.086788505,LON0_P1750,2.89,3,26,17
2020.04.30D12:00:03.086960181,LON0_P1800,3.04,3.17,8,34
2020.04.30D12:00:03.087096643,LON0_P1850,3.2,3.3,8,7
2020.04.30D12:00:03.087241659,LON0_P1900,3.37,3.47,8,7
2020.04.30D12:00:03.087359943,LON0_P1000,1.5,1.59,66,19
2020.04.30D12:00:03.087382709,LON0_P1300,1.9,1.99,29,5
2020.04.30D12:00:03.087401093,LON0_P1350,1.98,2.07,27,5
2020.04.30D12:00:03.107514283,LOM0_C2200,1.03,1.09,8,9
2020.04.30D12:00:03.112531254,LON0_C4050,0.16,0.23,29,41
2020.04.30D12:00:03.112873231,LOM0_C2200,1.03,1.09,12,9
2020.04.30D12:00:03.115542474,LON0_C200,17.42,0,1,0
2020.04.30D12:00:03.128824218,LOM0_P1750,2.85,2.93,18,1
2020.04.30D12:00:03.142238941,LOM0_C450,12.57,0,1,0
2020.04.30D12:00:03.147121185,LOM0_P1750,2.85,2.94,18,3
2020.04.30D12:00:03.148386948,LOM0_P1750,2.85,2.94,18,3
2020.04.30D12:00:03.153124128,LOM0_P1700,2.66,2.75,6,14
2020.04.30D12:00:03.153127912,LOM0_C1950,1.87,1.95,5,14
2020.04.30D12:00:03.153131252,LOM0_P1600,2.31,2.38,22,7
2020.04.30D12:00:03.153134742,LOM0_P1550,2.16,2.23,25,5
2020.04.30D12:00:03.153138218,LOM0_C2300,0.79,0.86,12,11
2020.04.30D12:00:03.153244854,LON0_C2100,3.69,3.82,5,11
2020.04.30D12:00:03.153249158,LON0_P2150,4.39,4.52,11,6
2020.04.30D12:00:03.153252519,LON0_C2300,2.71,2.82,5,15
2020.04.30D12:00:03.153256624,LON0_P1700,2.75,2.86,26,18
2020.04.30D12:00:03.153259795,LON0_P1650,2.62,2.72,27,15
2020.04.30D12:00:03.153262905,LON0_C2800,1.12,1.23,28,17
2020.04.30D12:00:03.153394747,LOM0_C2450,0.55,0.6,7,13
2020.04.30D12:00:03.153419563,LON0_C2900,0.93,1.04,28,19
2020.04.30D12:00:03.153701994,LON0_P1650,2.62,2.72,27,5
2020.04.30D12:00:03.153723749,LON0_C2100,3.69,3.82,5,11
2020.04.30D12:00:03.153914644,LOM0_C1950,1.87,1.95,5,14
2020.04.30D12:00:03.154459740,LON0_P1650,2.62,2.72,27,5
2020.04.30D12:00:03.184885712,LON0_C2300,2.71,2.82,5,15
2020.04.30D12:00:03.184905725,LON0_P1950,3.55,3.65,6,4
2020.04.30D12:00:03.185044939,LON0_C2250,2.94,3.05,5,13
2020.04.30D12:00:03.185051996,LON0_P2000,3.74,3.85,6,4
2020.04.30D12:00:03.185216463,LON0_P2050,3.94,4.05,26,10
2020.04.30D12:00:03.185222805,LON0_C2200,3.18,3.29,5,13
2020.04.30D12:00:03.185382910,LON0_P2100,4.16,4.27,25,4
2020.04.30D12:00:03.185475721,LON0_C2150,3.42,3.55,5,14
2020.04.30D12:00:03.185634008,LON0_P2150,4.39,4.52,11,6
2020.04.30D12:00:03.185640808,LON0_C2100,3.69,3.82,5,11
2020.04.30D12:00:03.185803377,LON0_P2200,4.64,4.76,6,6
2020.04.30D12:00:03.185806792,LON0_C2050,3.93,4.14,6,12
2020.04.30D12:00:03.186068945,LON0_C2000,4.22,4.44,6,18
2020.04.30D12:00:03.186072025,LON0_P2250,4.89,5.02,6,6
2020.04.30D12:00:03.186110751,LON0_C1950,4.52,4.75,6,12
2020.04.30D12:00:03.186217170,LON0_P2300,5.17,5.3,6,6
2020.04.30D12:00:03.186335766,LON0_C1900,4.83,5.07,6,18
2020.04.30D12:00:03.186365029,LON0_P2350,5.45,5.59,6,6
2020.04.30D12:00:03.186476717,LON0_C1850,5.15,5.39,6,12
2020.04.30D12:00:03.186506218,LON0_P2400,5.7,5.96,2,2
2020.04.30D12:00:03.186615676,LON0_C1800,5.49,5.73,6,12
2020.04.30D12:00:03.186638036,LON0_C1750,5.83,6.08,6,6
2020.04.30D12:00:03.186709888,LON0_C1700,6.19,6.45,2,12
2020.04.30D12:00:03.186732796,LON0_C1650,6.55,6.82,2,12
2020.04.30D12:00:03.187077163,LON0_C2050,3.93,4.14,6,17
2020.04.30D12:00:03.187081066,LON0_C1950,4.52,4.75,6,17
2020.04.30D12:00:03.187084279,LON0_C1850,5.15,5.39,6,17
2020.04.30D12:00:03.187087626,LON0_C1800,5.49,5.73,6,17
2020.04.30D12:00:03.187090908,LON0_C1700,6.19,6.45,2,13
2020.04.30D12:00:03.187094028,LON0_C1650,6.55,6.82,2,13
2020.04.30D12:00:03.203638273,LON0_C1800,5.49,5.73,6,18
2020.04.30D12:00:03.203642762,LON0_C1850,5.15,5.39,6,18
2020.04.30D12:00:03.203645902,LON0_C1700,6.19,6.45,2,14
2020.04.30D12:00:03.203649452,LON0_C1650,6.55,6.82,2,13
2020.04.30D12:00:03.203652928,LON0_C1950,4.52,4.75,6,18
2020.04.30D12:00:03.204342014,LON0_C2050,3.93,4.14,6,18
2020.04.30D12:00:03.204345462,LON0_C1650,6.55,6.82,2,14
2020.04.30D12:00:03.213848240,LOM0_C1750,2.89,2.98,3,13
2020.04.30D12:00:03.240511107,LON0_C2450,2.12,2.21,5,13
2020.04.30D12:00:03.240514848,LON0_C2550,1.78,1.88,5,12
2020.04.30D12:00:03.240517854,LON0_P1550,2.38,2.48,27,5
2020.04.30D12:00:03.241480305,LOM0_P1850,3.3,3.41,4,2
2020.04.30D12:00:03.241483990,LOM0_C1800,2.62,2.7,3,10
2020.04.30D12:00:03.241487131,LOM0_C1950,1.87,1.95,5,14
2020.04.30D12:00:03.241498640,LON0_P2100,4.16,4.27,6,4
2020.04.30D12:00:03.241692349,LOM0_C2300,0.79,0.86,12,11
2020.04.30D12:00:03.263576938,LOM0_C1950,1.87,1.95,5,14
2020.04.30D12:00:03.264578618,LOM0_P1850,3.3,3.41,5,2
2020.04.30D12:00:03.301014315,LOM0_P1750,2.85,2.94,18,2
2020.04.30D12:00:03.301055521,LOM0_C1700,3.18,3.29,3,8
2020.04.30D12:00:03.301092741,LOM0_C1800,2.6,2.7,4,10
2020.04.30D12:00:03.301117028,LOM0_C1850,2.34,2.43,3,10
2020.04.30D12:00:03.301145077,LOM0_C1900,2.09,2.18,5,12
2020.04.30D12:00:03.301164055,LOM0_C1950,1.86,1.95,5,14
2020.04.30D12:00:03.303419657,LOM0_C1900,2.09,2.18,6,12
2020.04.30D12:00:03.339075217,LOM0_C1800,2.6,2.7,5,10
2020.04.30D12:00:03.339078467,LOM0_C1950,1.86,1.95,6,14
2020.04.30D12:00:03.339081465,LOM0_C1700,3.18,3.29,4,8
2020.04.30D12:00:03.442858075,LOM0_P1550,2.16,2.23,11,5
2020.04.30D12:00:03.448608718,LOM0_C2950,0.2,0.24,4,2
2020.04.30D12:00:03.448785966,LON0_C3300,0.46,0.53,2,19
2020.04.30D12:00:03.448789437,LON0_C2300,2.71,2.82,5,15
2020.04.30D12:00:03.448792748,LON0_P1750,2.89,3,8,17
2020.04.30D12:00:03.448795838,LON0_C2650,1.49,1.59,9,13
2020.04.30D12:00:03.448851237,LON0_C3050,0.7,0.81,24,16
2020.04.30D12:00:03.448992710,LOM0_C1100,7.75,7.91,2,8
2020.04.30D12:00:03.449100564,LON0_C3300,0.46,0.53,2,19
2020.04.30D12:00:03.570902665,LON0_C2100,3.69,3.82,5,6
2020.04.30D12:00:03.570906469,LON0_P2150,4.39,4.52,6,6
2020.04.30D12:00:03.570909652,LON0_P2050,3.94,4.05,6,10
2020.04.30D12:00:03.570912935,LON0_C2350,2.5,2.6,5,13
2020.04.30D12:00:03.570916294,LON0_P1700,2.75,2.86,8,18
2020.04.30D12:00:03.570919488,LON0_P1650,2.62,2.72,9,5
2020.04.30D12:00:03.570938583,LON0_C2600,1.63,1.73,8,12
2020.04.30D12:00:03.570942054,LON0_P1650,2.62,2.72,9,5
2020.04.30D12:00:03.571354905,LON0_C4050,0.16,0.23,29,22
2020.04.30D12:00:03.571534719,LON0_P1200,1.75,1.84,11,23
2020.04.30D12:00:03.572094508,LON0_C4050,0.16,0.23,29,22
2020.04.30D12:00:03.572114416,LON0_P2050,3.94,4.05,6,1
2020.04.30D12:00:03.572262222,LON0_P2050,3.94,4.06,6,14
2020.04.30D12:00:03.636178626,LOM0_C1000,8.62,8.81,2,2
2020.04.30D12:00:03.636182514,LOM0_C1050,8.18,8.36,2,2
2020.04.30D12:00:03.636185604,LOM0_C1100,7.75,7.91,2,8
2020.04.30D12:00:03.636189151,LOM0_C1150,7.33,7.49,7,8
2020.04.30D12:00:03.636194067,LOM0_C1200,6.89,7.06,8,8
2020.04.30D12:00:03.636197497,LOM0_C1250,6.48,6.63,2,8
2020.04.30D12:00:03.636200512,LOM0_C1300,6.06,6.23,9,9
2020.04.30D12:00:03.636203927,LOM0_C1350,5.66,5.83,9,9
2020.04.30D12:00:03.636207343,LOM0_C1400,5.28,5.45,8,9
2020.04.30D12:00:03.636210759,LOM0_C1450,4.9,5.07,1,9
2020.04.30D12:00:03.636214174,LOM0_C1500,4.53,4.69,1,9
2020.04.30D12:00:03.636217423,LOM0_C1550,4.16,4.29,2,2
2020.04.30D12:00:03.636221072,LOM0_C1600,3.82,3.95,2,2
2020.04.30D12:00:03.636224714,LOM0_C1650,3.49,3.61,2,2
2020.04.30D12:00:03.636228216,LOM0_C1700,3.18,3.29,4,8
2020.04.30D12:00:03.636231285,LOM0_C1750,2.89,2.98,3,3
2020.04.30D12:00:03.636234803,LOM0_C1800,2.6,2.7,5,10
2020.04.30D12:00:03.636237912,LOM0_C1850,2.34,2.43,3,10
2020.04.30D12:00:03.636241483,LOM0_C1900,2.09,2.18,6,12
2020.04.30D12:00:03.636245235,LOM0_C2150,1.16,1.23,12,9
2020.04.30D12:00:03.636248503,LOM0_C2250,0.9,0.97,13,9
2020.04.30D12:00:03.636251617,LOM0_C2300,0.79,0.86,12,11
2020.04.30D12:00:03.636255029,LOM0_P1350,1.67,1.74,33,6
2020.04.30D12:00:03.636258494,LOM0_P1400,1.77,1.84,33,6
2020.04.30D12:00:03.636261657,LOM0_P800,0.91,0.97,23,4
2020.04.30D12:00:03.642983568,LON0_C1650,6.55,6.82,2,2
2020.04.30D12:00:03.642989302,LON0_C1700,6.19,6.45,2,2
2020.04.30D12:00:03.642992633,LON0_C1750,5.83,6.08,6,6
2020.04.30D12:00:03.642996288,LON0_C1800,5.49,5.73,6,6
2020.04.30D12:00:03.642999659,LON0_C1850,5.15,5.39,6,6
2020.04.30D12:00:03.643002915,LON0_C1900,4.83,5.07,6,6
2020.04.30D12:00:03.643006388,LON0_C1950,4.52,4.75,6,6
2020.04.30D12:00:03.643009414,LON0_C2000,4.22,4.44,6,6
2020.04.30D12:00:03.643012585,LON0_C2050,3.93,4.14,6,6
2020.04.30D12:00:03.643015909,LON0_C2100,3.69,3.82,5,6
2020.04.30D12:00:03.643019439,LON0_C2150,3.42,3.55,5,14
2020.04.30D12:00:03.643022641,LON0_C2200,3.18,3.29,5,13
2020.04.30D12:00:03.643025735,LON0_C2250,2.94,3.05,5,13
2020.04.30D12:00:03.643028849,LON0_C2550,1.78,1.88,5,12
2020.04.30D12:00:03.643032254,LON0_C2700,1.36,1.46,9,17
2020.04.30D12:00:03.643035238,LON0_C2750,1.24,1.34,9,18
2020.04.30D12:00:03.643038615,LON0_C2800,1.12,1.23,28,17
2020.04.30D12:00:03.643041909,LON0_C2850,1.02,1.13,26,10
2020.04.30D12:00:03.643045128,LON0_C2900,0.93,1.04,28,19
2020.04.30D12:00:03.643048108,LON0_C2950,0.84,0.96,34,40
2020.04.30D12:00:03.643051209,LON0_P1000,1.5,1.59,66,7
2020.04.30D12:00:03.643054584,LON0_P1050,1.55,1.65,38,33
2020.04.30D12:00:03.643088952,LON0_P1100,1.61,1.71,38,11
2020.04.30D12:00:03.643093639,LON0_P1150,1.68,1.77,25,11
2020.04.30D12:00:03.643096938,LON0_P1200,1.75,1.84,11,11
2020.04.30D12:00:03.643100343,LON0_P1250,1.82,1.91,29,5
2020.04.30D12:00:03.643103638,LON0_P1300,1.9,1.99,29,5
2020.04.30D12:00:03.643107103,LON0_P1350,1.98,2.07,27,5
2020.04.30D12:00:03.643110647,LON0_P1400,2.07,2.17,27,9
2020.04.30D12:00:03.643114221,LON0_P1450,2.17,2.28,23,18
2020.04.30D12:00:03.643117903,LON0_P1500,2.27,2.37,27,9
2020.04.30D12:00:03.643121162,LON0_P1550,2.38,2.48,27,5
2020.04.30D12:00:03.643124470,LON0_P1600,2.5,2.6,9,17
2020.04.30D12:00:03.643128043,LON0_P1650,2.62,2.72,9,5
2020.04.30D12:00:03.643131268,LON0_P1700,2.75,2.86,8,18
2020.04.30D12:00:03.643134640,LON0_P1750,2.89,3,8,17
2020.04.30D12:00:03.643137724,LON0_P1800,3.04,3.17,8,34
2020.04.30D12:00:03.643176028,LON0_P1850,3.2,3.3,8,7
2020.04.30D12:00:03.643179898,LON0_P1900,3.37,3.47,8,7
2020.04.30D12:00:03.643183324,LON0_P1950,3.55,3.65,6,4
2020.04.30D12:00:03.643186814,LON0_P2000,3.74,3.85,6,4
2020.04.30D12:00:03.643190369,LON0_P2050,3.94,4.06,6,14
2020.04.30D12:00:03.643193700,LON0_P2100,4.16,4.27,6,4
2020.04.30D12:00:03.643196973,LON0_P2150,4.39,4.52,6,6
2020.04.30D12:00:03.643200232,LON0_P2200,4.64,4.76,6,6
2020.04.30D12:00:03.643205082,LON0_P2250,4.89,5.02,6,6
2020.04.30D12:00:03.643208336,LON0_P2300,5.17,5.3,6,6
2020.04.30D12:00:03.643211571,LON0_P2350,5.45,5.59,6,6
2020.04.30D12:00:03.643214911,LON0_P2400,5.7,5.96,2,2
2020.04.30D12:00:03.643218106,LON0_P950,1.44,1.53,22,7
2020.04.30D12:00:03.645044142,LOM0_P1600,2.31,2.38,22,4
2020.04.30D12:00:03.645048234,LON0_C3850,0.2,0.27,16,20
2020.04.30D12:00:03.645051367,LON0_P1600,2.5,2.6,9,13
2020.04.30D12:00:03.645054848,LOM0_C1800,2.6,2.7,4,10
2020.04.30D12:00:03.645058012,LON0_C2350,2.5,2.6,5,13
2020.04.30D12:00:03.645061181,LON0_C4050,0.16,0.23,17,22
2020.04.30D12:00:03.645064441,LON0_P1700,2.75,2.86,8,15
2020.04.30D12:00:03.645067455,LON0_P1850,3.2,3.3,8,4
2020.04.30D12:00:03.645092429,LOM0_P1150,1.33,1.39,15,2
2020.04.30D12:00:03.645096223,LON0_C2300,2.71,2.82,5,15
2020.04.30D12:00:03.645099448,LOM0_C1750,2.89,2.98,2,3
2020.04.30D12:00:03.645104217,LOM0_C1900,2.09,2.18,5,12
2020.04.30D12:00:03.645107737,LOM0_C2100,1.31,1.39,7,15
2020.04.30D12:00:03.645110949,LOM0_C2200,1.03,1.09,8,9
2020.04.30D12:00:03.645114135,LON0_P1500,2.27,2.37,27,5
2020.04.30D12:00:03.645117582,LON0_C4500,0.12,0.15,3,5
2020.04.30D12:00:03.645120893,LON0_P1400,2.07,2.17,27,5
2020.04.30D12:00:03.645124138,LON0_P1900,3.37,3.47,8,4
2020.04.30D12:00:03.645127429,LON0_P1950,3.55,3.65,6,3
2020.04.30D12:00:03.645149825,LOM0_P1350,1.67,1.74,33,6
2020.04.30D12:00:03.645153943,LOM0_P1450,1.89,1.96,23,5
2020.04.30D12:00:03.645157296,LOM0_P1250,1.49,1.55,13,7
2020.04.30D12:00:03.645162890,LON0_P1600,2.5,2.6,9,5
2020.04.30D12:00:03.645183289,LON0_C2750,1.24,1.34,4,18
2020.04.30D12:00:03.645186681,LON0_P1300,1.9,2,29,11
2020.04.30D12:00:03.645191582,LON0_C2700,1.36,1.46,4,17
2020.04.30D12:00:03.645197788,LOM0_C1750,2.88,2.98,3,3
2020.04.30D12:00:03.645203971,LOM0_P1650,2.48,2.56,7,1
2020.04.30D12:00:03.645209142,LOM0_P1450,1.89,1.96,23,3
2020.04.30D12:00:03.645215662,LOM0_P1200,1.41,1.47,10,5
2020.04.30D12:00:03.645221730,LOM0_P1150,1.33,1.4,15,13
2020.04.30D12:00:03.645257528,LOM0_P1400,1.77,1.84,33,6
2020.04.30D12:00:03.645298228,LON0_P900,1.39,1.48,22,7
2020.04.30D12:00:03.645472336,LOM0_C1850,2.34,2.43,3,10
2020.04.30D12:00:03.645476084,LOM0_P1750,2.85,2.94,18,2
2020.04.30D12:00:03.645479265,LOM0_P1700,2.66,2.75,6,14
2020.04.30D12:00:03.645482395,LOM0_C2100,1.31,1.39,7,15
2020.04.30D12:00:03.645492618,LON0_C2100,3.69,3.82,5,6
2020.04.30D12:00:03.645497163,LON0_P2150,4.39,4.52,6,6
2020.04.30D12:00:03.645500586,LON0_P2000,3.74,3.85,6,4
2020.04.30D12:00:03.645503848,LON0_P1750,2.89,3,8,17
2020.04.30D12:00:03.645573575,LOM0_P1650,2.48,2.56,7,1
2020.04.30D12:00:03.645577028,LOM0_C2000,1.7,1.74,2,14
2020.04.30D12:00:03.645581938,LON0_C2600,1.63,1.73,8,12
2020.04.30D12:00:03.645617082,LON0_C2150,3.42,3.55,5,14
2020.04.30D12:00:03.645620436,LON0_P2100,4.16,4.27,6,4
2020.04.30D12:00:03.645623459,LON0_P2050,3.94,4.06,6,14
2020.04.30D12:00:03.645742903,LON0_C4200,0.13,0.19,41,17
2020.04.30D12:00:03.645769183,LON0_C2250,2.94,3.05,5,13
2020.04.30D12:00:03.645772813,LON0_P1950,3.55,3.65,6,3
2020.04.30D12:00:03.645775858,LON0_C2350,2.5,2.6,5,13
2020.04.30D12:00:03.645779217,LON0_C2450,2.12,2.21,5,13
2020.04.30D12:00:03.645782553,LON0_P1700,2.75,2.86,8,15
2020.04.30D12:00:03.645829680,LON0_P2250,4.89,5.02,6,1
2020.04.30D12:00:03.645833304,LON0_P2200,4.64,4.76,6,1
2020.04.30D12:00:03.645836264,LOM0_C1900,2.09,2.18,5,12
2020.04.30D12:00:03.645839614,LON0_P2100,4.16,4.27,6,4
2020.04.30D12:00:03.645843384,LOM0_P1550,2.16,2.23,16,5
2020.04.30D12:00:03.645847070,LON0_P2050,3.94,4.06,6,9
2020.04.30D12:00:03.645850659,LOM0_C2000,1.7,1.74,2,14
2020.04.30D12:00:03.645854545,LOM0_C1250,6.48,6.63,1,8
2020.04.30D12:00:03.645858073,LOM0_C1100,7.75,7.91,1,8
2020.04.30D12:00:03.645861348,LOM0_P1450,1.89,1.96,28,3
2020.04.30D12:00:03.645864588,LOM0_C1650,3.49,3.61,1,2
2020.04.30D12:00:03.645867736,LOM0_P2150,5.07,5.22,8,1
2020.04.30D12:00:03.645871271,LOM0_C1150,7.33,7.49,7,8
2020.04.30D12:00:03.645906242,LON0_P1550,2.38,2.48,9,5
2020.04.30D12:00:03.645945187,LOM0_P1750,2.85,2.94,23,2
2020.04.30D12:00:03.645948940,LOM0_P1700,2.66,2.75,11,9
2020.04.30D12:00:03.645952419,LOM0_P1900,3.53,3.66,9,1
2020.04.30D12:00:03.645955849,LON0_P1650,2.62,2.73,9,19
2020.04.30D12:00:03.645959401,LOM0_P2000,4.09,4.23,9,1
2020.04.30D12:00:03.645962406,LOM0_C1700,3.18,3.29,4,8
2020.04.30D12:00:03.645965666,LOM0_P1150,1.33,1.4,15,8
2020.04.30D12:00:03.645970670,LON0_P2500,5.99,6.53,2,1
2020.04.30D12:00:03.645974243,LON0_C2250,2.92,3.05,19,13
2020.04.30D12:00:03.645977330,LOM0_C1450,4.9,5.07,1,9
2020.04.30D12:00:03.645980542,LOM0_C1500,4.53,4.69,1,9
2020.04.30D12:00:03.645983737,LOM0_C1600,3.82,3.95,1,2
2020.04.30D12:00:03.645987201,LOM0_C1000,8.62,8.81,1,2
2020.04.30D12:00:03.645994998,LOM0_C2050,1.48,1.55,5,12
2020.04.30D12:00:03.646062261,LON0_C2800,1.12,1.23,9,17
2020.04.30D12:00:03.646065701,LON0_C2850,1.02,1.13,9,10
2020.04.30D12:00:03.646086007,LON0_P900,1.39,1.48,22,7
2020.04.30D12:00:03.646209865,LON0_C3550,0.3,0.38,10,20
2020.04.30D12:00:03.646400011,LOM0_P1800,3.06,3.17,13,6
2020.04.30D12:00:03.646403659,LOM0_C1900,2.09,2.18,5,12
2020.04.30D12:00:03.646406719,LOM0_C2050,1.48,1.55,5,12
2020.04.30D12:00:03.646418721,LON0_C2900,0.93,1.04,9,19
2020.04.30D12:00:03.646483687,LON0_C4200,0.13,0.19,37,17
2020.04.30D12:00:03.646592178,LON0_P1200,1.75,1.84,11,11
2020.04.30D12:00:03.646596456,LON0_C3100,0.64,0.75,6,31
2020.04.30D12:00:03.646599710,LON0_P1050,1.55,1.65,38,12
2020.04.30D12:00:03.646635970,LON0_C3100,0.64,0.75,6,31
2020.04.30D12:00:03.646639280,LON0_P1050,1.55,1.65,38,12
2020.04.30D12:00:03.646804793,LON0_C2200,3.18,3.29,5,13
2020.04.30D12:00:03.646808565,LON0_C2250,2.92,3.05,5,13
2020.04.30D12:00:03.646811681,LON0_C2450,2.12,2.21,5,13
2020.04.30D12:00:03.646815246,LON0_C2550,1.78,1.88,5,12
2020.04.30D12:00:03.646818534,LON0_P1550,2.38,2.48,9,5
2020.04.30D12:00:03.646989552,LON0_P1950,3.55,3.65,6,3
2020.04.30D12:00:03.646995005,LOM0_C1050,8.18,8.36,1,2
2020.04.30D12:00:03.646998540,LOM0_C1400,5.28,5.45,8,9
2020.04.30D12:00:03.647001703,LON0_P1500,2.27,2.38,27,11
2020.04.30D12:00:03.647005070,LOM0_P1650,2.48,2.56,12,1
2020.04.30D12:00:03.647008389,LOM0_C1750,2.88,2.98,3,8
2020.04.30D12:00:03.647011633,LOM0_P1800,3.06,3.17,18,6
2020.04.30D12:00:03.647014889,LOM0_P1600,2.31,2.38,27,4
2020.04.30D12:00:03.647019496,LOM0_P1850,3.3,3.41,5,2
2020.04.30D12:00:03.647022767,LOM0_P1200,1.41,1.47,15,5
2020.04.30D12:00:03.647025898,LOM0_P1400,1.78,1.84,5,6
2020.04.30D12:00:03.647029421,LOM0_P1250,1.49,1.55,18,7
2020.04.30D12:00:03.647042253,LOM0_C1900,2.09,2.18,5,12
2020.04.30D12:00:03.647047832,LON0_C3550,0.3,0.38,10,20
2020.04.30D12:00:03.647213654,LOM0_C1150,7.33,7.49,1,8
2020.04.30D12:00:03.647217279,LOM0_C1400,5.28,5.45,1,9
2020.04.30D12:00:03.647220518,LOM0_C1650,3.49,3.61,1,2
2020.04.30D12:00:03.647223702,LOM0_C1700,3.18,3.29,4,8
2020.04.30D12:00:03.647227204,LOM0_C1750,2.88,2.98,3,8
2020.04.30D12:00:03.647230294,LOM0_C1800,2.6,2.7,4,10
2020.04.30D12:00:03.647233385,LOM0_C1900,2.09,2.18,5,12
2020.04.30D12:00:03.647236647,LOM0_C1950,1.86,1.95,6,14
2020.04.30D12:00:03.647239767,LOM0_P1850,3.3,3.41,5,2
2020.04.30D12:00:03.647242837,LOM0_P1900,3.53,3.66,9,1
2020.04.30D12:00:03.647246097,LOM0_P2000,4.09,4.23,9,1
2020.04.30D12:00:03.647281929,LOM0_C2100,1.31,1.39,7,15
2020.04.30D12:00:03.647285487,LOM0_C2150,1.16,1.23,12,9
2020.04.30D12:00:03.647288571,LOM0_P1150,1.33,1.4,15,8
2020.04.30D12:00:03.647364542,LOM0_C2300,0.79,0.86,12,11
2020.04.30D12:00:03.647367876,LOM0_P2050,4.41,4.55,9,2
2020.04.30D12:00:03.647405330,LOM0_C1950,1.86,1.95,11,14
2020.04.30D12:00:03.647408517,LOM0_C2250,0.9,0.97,13,15
2020.04.30D12:00:03.647411508,LOM0_C2300,0.79,0.86,12,17
2020.04.30D12:00:03.647526487,LOM0_C1450,4.9,5.07,1,9
2020.04.30D12:00:03.647530101,LOM0_C1500,4.53,4.69,1,9
2020.04.30D12:00:03.647533261,LOM0_C1550,4.16,4.29,2,2
2020.04.30D12:00:03.647536493,LOM0_C2600,0.38,0.43,9,15
2020.04.30D12:00:03.647539576,LOM0_C2650,0.34,0.4,9,17
2020.04.30D12:00:03.647639826,LOM0_C1100,7.75,7.91,1,8
2020.04.30D12:00:03.647643117,LOM0_C1200,6.89,7.06,2,8
2020.04.30D12:00:03.647646864,LOM0_C1250,6.48,6.63,1,8
2020.04.30D12:00:03.647650605,LOM0_C1300,6.06,6.23,2,9
2020.04.30D12:00:03.647653864,LOM0_C1350,5.66,5.83,2,9
2020.04.30D12:00:03.647657087,LOM0_C1650,3.49,3.61,1,2
2020.04.30D12:00:03.647660588,LOM0_P2150,5.07,5.22,8,1
2020.04.30D12:00:03.647666610,LOM0_C2050,1.48,1.55,5,10
2020.04.30D12:00:03.647673235,LOM0_C450,12.58,0,1,0
2020.04.30D12:00:03.647719648,LOM0_C2700,0.3,0.36,18,18
2020.04.30D12:00:03.647723123,LOM0_P300,0.22,0.63,13,7
2020.04.30D12:00:03.649262465,LOM0_C1550,4.16,4.29,1,2
2020.04.30D12:00:03.649266436,LOM0_C1350,5.66,5.83,1,9
2020.04.30D12:00:03.649269596,LOM0_C1200,6.89,7.06,1,8
2020.04.30D12:00:03.649272912,LOM0_C1300,6.06,6.23,1,9
2020.04.30D12:00:03.649369658,LOM0_C450,12.57,0,1,0
2020.04.30D12:00:03.649499857,LOM0_C1150,7.33,7.49,1,8
2020.04.30D12:00:03.649503586,LOM0_C1400,5.28,5.45,1,9
2020.04.30D12:00:03.649506698,LOM0_C1800,2.6,2.7,4,10
2020.04.30D12:00:03.649511656,LOM0_C1950,1.86,1.95,11,14
2020.04.30D12:00:03.649561081,LOM0_C2650,0.34,0.4,9,17
2020.04.30D12:00:03.649564398,LOM0_P2050,4.41,4.55,9,2
2020.04.30D12:00:03.649811389,LON0_C400,15.42,0,1,0
2020.04.30D12:00:03.649837511,LON0_P1850,3.2,3.31,8,12
2020.04.30D12:00:03.649857048,LON0_P1900,3.37,3.48,8,11
2020.04.30D12:00:03.649876599,LON0_P1950,3.55,3.66,6,4
2020.04.30D12:00:03.649974674,LOM0_P1650,2.48,2.56,7,1
2020.04.30D12:00:03.649978372,LOM0_P1200,1.41,1.47,10,5
2020.04.30D12:00:03.649981610,LOM0_P1600,2.31,2.38,22,4
2020.04.30D12:00:03.649985025,LOM0_P1150,1.33,1.4,15,8
2020.04.30D12:00:03.649991250,LON0_P1150,1.68,1.77,25,6
2020.04.30D12:00:03.650097200,LON0_C4200,0.13,0.19,31,17
2020.04.30D12:00:03.650217466,LOM0_P1700,2.66,2.75,6,9
2020.04.30D12:00:03.650220716,LOM0_P1550,2.16,2.23,11,5
2020.04.30D12:00:03.650223800,LON0_P1550,2.38,2.49,9,19
2020.04.30D12:00:03.650237226,LON0_C2900,0.93,1.04,4,19
2020.04.30D12:00:03.650321394,LON0_C2200,3.15,3.29,22,13
2020.04.30D12:00:03.650324859,LOM0_P1400,1.77,1.84,33,6
2020.04.30D12:00:03.650328090,LOM0_P1250,1.49,1.55,13,7
2020.04.30D12:00:03.650331302,LOM0_P1800,3.06,3.17,18,1
2020.04.30D12:00:03.651083975,LON0_P1950,3.55,3.66,6,4
2020.04.30D12:00:03.655036125,LOM0_C100,15.95,0,1,0
2020.04.30D12:00:03.655040377,LOM0_C150,15.39,0,1,0
2020.04.30D12:00:03.655043969,LOM0_C200,14.89,0,1,0
2020.04.30D12:00:03.655047422,LOM0_C300,13.95,0,1,0
2020.04.30D12:00:03.655050875,LOM0_C350,13.49,0,1,0
2020.04.30D12:00:03.655054196,LOM0_C400,13.03,0,1,0
2020.04.30D12:00:03.655618610,LON0_C3850,0.2,0.27,16,20
2020.04.30D12:00:03.655622155,LON0_C4050,0.16,0.23,17,22
2020.04.30D12:00:03.656187996,LOM0_C1450,4.89,5.07,1,9
2020.04.30D12:00:03.656191880,LOM0_C2200,1.03,1.09,8,9
2020.04.30D12:00:03.656246670,LOM0_C1800,2.6,2.7,5,10
2020.04.30D12:00:03.656250181,LON0_P1600,2.5,2.6,9,9
2020.04.30D12:00:03.658534956,LOM0_C1450,4.89,5.07,1,9
2020.04.30D12:00:03.658538528,LOM0_C1300,6.06,6.23,2,9
2020.04.30D12:00:03.658541461,LOM0_C1200,6.89,7.06,2,8
2020.04.30D12:00:03.658759520,LOM0_C2250,0.9,0.97,13,9
2020.04.30D12:00:03.659553380,LOM0_C1800,2.6,2.7,8,10
2020.04.30D12:00:03.659944852,LOM0_C1900,2.09,2.18,9,12
2020.04.30D12:00:03.660042867,LOM0_C1050,8.18,8.36,2,2
2020.04.30D12:00:03.660046288,LOM0_C1000,8.62,8.81,2,2
2020.04.30D12:00:03.660103413,LON0_P1850,3.2,3.3,8,3
2020.04.30D12:00:03.660106836,LON0_C2350,2.5,2.6,5,13
2020.04.30D12:00:03.660110000,LON0_P1700,2.75,2.86,8,18
2020.04.30D12:00:03.660113238,LOM0_P1600,2.31,2.38,22,4
2020.04.30D12:00:03.661170709,LOM0_C500,12.1,0,1,0
2020.04.30D12:00:03.661174298,LOM0_P4000,21.5,23.68,2,1
2020.04.30D12:00:03.661177617,LOM0_P4050,21.9,24.18,1,1
2020.04.30D12:00:03.661181093,LOM0_P4100,22.4,24.68,1,1
2020.04.30D12:00:03.661184534,LON0_C400,15.43,0,1,0
2020.04.30D12:00:03.661232913,LON0_P950,1.44,1.54,22,25
2020.04.30D12:00:03.661236670,LON0_P1000,1.5,1.6,66,35
2020.04.30D12:00:03.661536993,LON0_P1500,2.27,2.38,27,11
2020.04.30D12:00:03.661540406,LOM0_P1150,1.33,1.4,15,8
2020.04.30D12:00:03.662781878,LOM0_P4050,21.91,24.18,1,1
2020.04.30D12:00:03.662785262,LOM0_P4400,25.39,0,1,0
2020.04.30D12:00:03.662788306,LOM0_P5000,31.37,0,1,0
2020.04.30D12:00:03.664024840,LOM0_C1500,4.52,4.69,1,9
2020.04.30D12:00:03.664028374,LOM0_P1600,2.31,2.38,22,4
2020.04.30D12:00:03.664090503,LON0_P1400,2.07,2.17,27,9
2020.04.30D12:00:03.664093863,LON0_P1900,3.37,3.47,8,3
2020.04.30D12:00:03.664096831,LON0_P1950,3.55,3.65,6,1
2020.04.30D12:00:03.664100020,LON0_P1350,1.98,2.07,27,5
2020.04.30D12:00:03.664204998,LOM0_C1750,2.88,2.98,3,8
2020.04.30D12:00:03.664208454,LOM0_C1900,2.09,2.18,9,12
2020.04.30D12:00:03.664211516,LOM0_C2100,1.31,1.39,7,15
2020.04.30D12:00:03.664215003,LOM0_C2200,1.03,1.09,8,9
2020.04.30D12:00:03.665331228,LON0_P1350,1.98,2.09,27,5
2020.04.30D12:00:03.665335069,LOM0_C1500,4.52,4.69,2,9
2020.04.30D12:00:03.665338080,LOM0_P1600,2.31,2.38,22,4
2020.04.30D12:00:03.665341601,LON0_P1950,3.55,3.65,6,1
2020.04.30D12:00:03.665344873,LOM0_C1750,2.88,2.98,3,8
2020.04.30D12:00:03.668574888,LON0_C3100,0.63,0.75,24,31
2020.04.30D12:00:03.668578382,LON0_P900,1.39,1.49,22,26
2020.04.30D12:00:03.668964367,LOM0_P1450,1.89,1.97,28,5
2020.04.30D12:00:03.668967923,LON0_P1850,3.2,3.31,8,12
2020.04.30D12:00:03.668970958,LON0_C2350,2.5,2.6,5,13
2020.04.30D12:00:03.668974186,LON0_C2150,3.42,3.55,5,14
2020.04.30D12:00:03.668977282,LON0_C2450,2.12,2.21,5,13
2020.04.30D12:00:03.668980439,LOM0_P1650,2.48,2.57,7,8
2020.04.30D12:00:03.668983558,LOM0_C1400,5.27,5.45,1,9
2020.04.30D12:00:03.668987060,LOM0_C1250,6.47,6.63,2,8
2020.04.30D12:00:03.668990551,LOM0_P2150,5.07,5.23,8,2
2020.04.30D12:00:03.668993762,LOM0_C1600,3.81,3.95,2,2
2020.04.30D12:00:03.668997263,LON0_P2250,4.89,5.03,6,6
2020.04.30D12:00:03.669000728,LOM0_C1000,8.62,8.81,1,2
2020.04.30D12:00:03.669073154,LOM0_C1300,6.06,6.23,1,9
2020.04.30D12:00:03.669077086,LOM0_C1350,5.65,5.83,2,9
2020.04.30D12:00:03.669080290,LOM0_C1550,4.15,4.29,2,2
2020.04.30D12:00:03.669083676,LOM0_P1900,3.53,3.67,9,2
2020.04.30D12:00:03.669086983,LON0_P2200,4.64,4.77,6,6
2020.04.30D12:00:03.669090509,LON0_C3550,0.29,0.38,33,20
2020.04.30D12:00:03.669093749,LOM0_C1050,8.18,8.36,1,2
2020.04.30D12:00:03.669096916,LON0_C2700,1.35,1.46,9,17
2020.04.30D12:00:03.669100399,LON0_C2750,1.23,1.34,9,18
2020.04.30D12:00:03.670202993,LOM0_P1450,1.89,1.97,23,5
2020.04.30D12:00:03.670208721,LOM0_C1400,5.27,5.45,2,9
2020.04.30D12:00:03.676542492,LON0_C2900,0.92,1.04,26,19
2020.04.30D12:00:03.676546913,LOM0_C500,12.11,0,1,0
2020.04.30D12:00:03.676550293,LOM0_P4050,21.91,24.17,1,1
2020.04.30D12:00:03.676555154,LOM0_P4100,22.4,24.67,1,1
2020.04.30D12:00:03.676558885,LON0_C200,17.43,0,1,0
2020.04.30D12:00:03.676562190,LON0_C350,15.91,0,1,0
2020.04.30D12:00:03.676565462,LON0_C500,14.49,0,1,0
2020.04.30D12:00:03.676690476,LOM0_P4050,21.9,24.17,1,1
2020.04.30D12:00:03.676694828,LOM0_P4400,25.38,0,1,0
2020.04.30D12:00:03.676866419,LOM0_C1900,2.09,2.18,10,12
2020.04.30D12:00:03.676870220,LOM0_C2100,1.31,1.39,10,15
2020.04.30D12:00:03.676873260,LON0_C2200,3.15,3.29,23,13
2020.04.30D12:00:03.676876612,LON0_C2300,2.71,2.82,5,15
2020.04.30D12:00:03.676879679,LON0_C2100,3.69,3.82,5,6
2020.04.30D12:00:03.676883029,LON0_C2250,2.92,3.05,5,13
2020.04.30D12:00:03.676886295,LON0_P1900,3.37,3.48,8,11
2020.04.30D12:00:03.676889533,LON0_P1950,3.55,3.66,6,9
2020.04.30D12:00:03.676892949,LOM0_C1150,7.32,7.49,1,8
2020.04.30D12:00:03.676896275,LON0_P2500,5.99,6.54,2,27
2020.04.30D12:00:03.676899509,LON0_P1150,1.68,1.78,25,28
2020.04.30D12:00:03.676902529,LOM0_C1450,4.88,5.07,2,9
2020.04.30D12:00:03.676926389,LOM0_C1100,7.74,7.91,2,8
2020.04.30D12:00:03.676929773,LOM0_C1650,3.48,3.61,2,2
2020.04.30D12:00:03.676932601,LOM0_P2000,4.09,4.24,9,2
2020.04.30D12:00:03.676936096,LOM0_P1800,3.06,3.18,18,6
2020.04.30D12:00:03.678125576,LOM0_P1800,3.06,3.18,13,6
2020.04.30D12:00:03.678128989,LOM0_C1150,7.32,7.49,1,8
2020.04.30D12:00:03.678132054,LON0_P2500,5.99,6.53,2,1
2020.04.30D12:00:03.683249451,LOM0_P1600,2.31,2.38,22,7
2020.04.30D12:00:03.683334601,LON0_P1250,1.82,1.91,29,5
2020.04.30D12:00:03.683338415,LOM0_C100,15.96,0,1,0
2020.04.30D12:00:03.683341469,LOM0_C150,15.4,0,1,0
2020.04.30D12:00:03.683345082,LOM0_C200,14.9,0,1,0
2020.04.30D12:00:03.683348384,LOM0_C300,13.96,0,1,0
2020.04.30D12:00:03.683351763,LOM0_C350,13.5,0,1,0
2020.04.30D12:00:03.683354996,LOM0_C400,13.04,0,1,0
2020.04.30D12:00:03.686202609,LON0_C200,17.42,0,1,0
2020.04.30D12:00:03.686206760,LON0_C300,16.38,0,1,0
2020.04.30D12:00:03.686209988,LON0_C350,15.9,0,1,0
2020.04.30D12:00:03.686213354,LON0_C400,15.42,0,1,0
2020.04.30D12:00:03.686216754,LON0_C500,14.48,0,1,0
2020.04.30D12:00:03.686825157,LOM0_C1100,7.75,7.91,1,8
2020.04.30D12:00:03.686828677,LOM0_C1650,3.49,3.61,1,2
2020.04.30D12:00:03.686831805,LOM0_P2000,4.09,4.23,9,1
2020.04.30D12:00:03.686866351,LOM0_P1800,3.06,3.17,13,1
2020.04.30D12:00:03.686869646,LON0_P1350,1.98,2.09,27,9
2020.04.30D12:00:03.688303649,LOM0_P1800,3.06,3.17,13,6
2020.04.30D12:00:03.690891120,LOM0_C1150,7.31,7.49,2,8
2020.04.30D12:00:03.690894531,LOM0_C1000,8.62,8.81,2,2
2020.04.30D12:00:03.690897471,LOM0_C1300,6.06,6.23,2,9
2020.04.30D12:00:03.690900916,LOM0_C1050,8.18,8.36,2,2
2020.04.30D12:00:03.717013834,LOM0_P1450,1.89,1.97,23,5
2020.04.30D12:00:03.717017358,LOM0_C2250,0.9,0.97,13,9
2020.04.30D12:00:03.727595761,LOM0_C1000,8.62,8.81,2,7
2020.04.30D12:00:03.727599983,LOM0_C1050,8.18,8.36,2,7
2020.04.30D12:00:03.727602942,LOM0_C1100,7.75,7.91,1,8
2020.04.30D12:00:03.727606452,LOM0_C1150,7.31,7.49,2,13
2020.04.30D12:00:03.727609533,LOM0_C1200,6.89,7.06,2,13
2020.04.30D12:00:03.727612630,LOM0_C1250,6.47,6.63,2,8
2020.04.30D12:00:03.727616114,LOM0_C1300,6.06,6.23,2,14
2020.04.30D12:00:03.727619317,LOM0_C1350,5.65,5.83,2,9
2020.04.30D12:00:03.727622903,LOM0_C1400,5.27,5.45,2,14
2020.04.30D12:00:03.727626225,LOM0_C1450,4.88,5.07,2,14
2020.04.30D12:00:03.727629642,LOM0_C1500,4.52,4.69,2,9
2020.04.30D12:00:03.727632955,LOM0_C1600,3.81,3.95,2,2
2020.04.30D12:00:03.727696545,LOM0_C1650,3.49,3.61,1,2
2020.04.30D12:00:03.727699940,LOM0_C1700,3.18,3.29,4,8
2020.04.30D12:00:03.727703060,LOM0_C1750,2.88,2.98,3,18
2020.04.30D12:00:03.727706476,LOM0_C1800,2.6,2.7,8,10
2020.04.30D12:00:03.727709860,LOM0_C1850,2.34,2.43,3,10
2020.04.30D12:00:03.727712944,LOM0_C1900,2.09,2.18,10,12
2020.04.30D12:00:03.727905970,LOM0_P1350,1.67,1.74,33,6
2020.04.30D12:00:03.727909405,LOM0_P1400,1.77,1.84,33,6
2020.04.30D12:00:03.727912596,LOM0_P800,0.91,0.97,23,4
2020.04.30D12:00:03.728015397,LOM0_C1000,8.62,8.81,7,7
2020.04.30D12:00:03.728020749,LOM0_C1050,8.18,8.36,2,7
2020.04.30D12:00:03.728024017,LOM0_C1100,7.75,7.91,1,8
2020.04.30D12:00:03.728027026,LOM0_C1150,7.31,7.49,2,13
2020.04.30D12:00:03.728030108,LOM0_C1200,6.89,7.06,2,13
2020.04.30D12:00:03.728033214,LOM0_C1250,6.47,6.63,2,8
2020.04.30D12:00:03.728037909,LOM0_C1300,6.06,6.23,2,14
2020.04.30D12:00:03.728041234,LOM0_C1350,5.65,5.83,7,9
2020.04.30D12:00:03.728044264,LOM0_C1400,5.27,5.45,2,14
2020.04.30D12:00:03.728048916,LOM0_C1450,4.88,5.07,7,14
2020.04.30D12:00:03.728052190,LOM0_C1500,4.52,4.69,2,9
2020.04.30D12:00:03.728055337,LOM0_C1550,4.15,4.29,7,2
2020.04.30D12:00:03.728058655,LOM0_C1600,3.81,3.95,2,2
2020.04.30D12:00:03.728089238,LOM0_C1650,3.49,3.61,1,2
2020.04.30D12:00:03.728092855,LOM0_C1700,3.18,3.29,4,8
2020.04.30D12:00:03.728096001,LOM0_C1750,2.88,2.98,3,18
2020.04.30D12:00:03.728099420,LOM0_C1950,1.86,1.95,11,14
2020.04.30D12:00:03.728102744,LOM0_C2250,0.9,0.97,13,9
2020.04.30D12:00:03.743752976,LON0_P2500,5.99,6.53,2,2
2020.04.30D12:00:03.743756520,LOM0_C1100,7.74,7.91,2,8
2020.04.30D12:00:03.743759719,LOM0_C1650,3.48,3.61,2,2
2020.04.30D12:00:03.743763190,LOM0_P2000,4.09,4.24,9,2
2020.04.30D12:00:03.778452127,LOM0_C2750,0.28,0.33,3,3
2020.04.30D12:00:03.830209356,LOM0_C2750,0.28,0.33,3,3
2020.04.30D12:00:03.856198082,LOM0_C1450,4.88,5.07,7,14
2020.04.30D12:00:03.856203384,LOM0_C2700,0.3,0.36,18,18
2020.04.30D12:00:04.026370109,LOM0_C1900,2.09,2.18,6,12
2020.04.30D12:00:04.026972169,LOM0_C2700,0.3,0.36,18,18
2020.04.30D12:00:04.026975565,LOM0_C2300,0.79,0.86,12,17
2020.04.30D12:00:04.027207346,LOM0_P900,1.03,1.08,30,11
2020.04.30D12:00:04.027413033,LOM0_P900,1.03,1.08,30,11
2020.04.30D12:00:04.110040044,LON0_P950,1.44,1.53,22,12
2020.04.30D12:00:04.110427908,LON0_P950,1.44,1.53,22,19
2020.04.30D12:00:04.210557413,LON0_P1000,1.5,1.59,66,12
2020.04.30D12:00:04.210582707,LON0_P1050,1.55,1.65,38,24
2020.04.30D12:00:04.210708795,LON0_C2950,0.84,0.96,34,40
2020.04.30D12:00:04.210726011,LON0_P1100,1.61,1.71,38,23
2020.04.30D12:00:04.210887186,LON0_C2900,0.92,1.04,26,19
2020.04.30D12:00:04.210894183,LON0_P1150,1.68,1.77,25,12
2020.04.30D12:00:04.210932082,LON0_P1200,1.75,1.84,11,23
2020.04.30D12:00:04.211057522,LON0_C2850,1.02,1.13,9,10
2020.04.30D12:00:04.211083235,LON0_P1250,1.82,1.91,29,5
2020.04.30D12:00:04.211255230,LON0_C2800,1.12,1.23,9,17
2020.04.30D12:00:04.211269652,LON0_P1300,1.9,2,29,23
2020.04.30D12:00:04.211412501,LON0_P1350,1.98,2.09,27,21
2020.04.30D12:00:04.211425981,LON0_C2750,1.23,1.34,9,18
2020.04.30D12:00:04.211574963,LON0_P1400,2.07,2.17,27,9
2020.04.30D12:00:04.211745367,LON0_C2700,1.35,1.46,9,17
2020.04.30D12:00:04.211758215,LON0_P1450,2.17,2.28,23,30
2020.04.30D12:00:04.211908199,LON0_P1500,2.27,2.38,27,11
2020.04.30D12:00:04.211946563,LON0_P1550,2.38,2.49,9,19
2020.04.30D12:00:04.212110876,LON0_P1600,2.5,2.6,9,9
2020.04.30D12:00:04.212240291,LON0_C2550,1.78,1.88,5,12
2020.04.30D12:00:04.212254485,LON0_P1650,2.62,2.73,9,19
2020.04.30D12:00:04.212405647,LON0_P1700,2.75,2.86,8,18
2020.04.30D12:00:04.212563450,LON0_P1750,2.89,3,8,17
2020.04.30D12:00:04.212578531,LON0_C2450,2.12,2.21,5,13
2020.04.30D12:00:04.212723236,LON0_P1800,3.04,3.17,8,34
2020.04.30D12:00:04.212861579,LON0_P1850,3.2,3.31,8,12
2020.04.30D12:00:04.212981934,LON0_C2350,2.5,2.6,5,13
2020.04.30D12:00:04.213011986,LON0_P1900,3.37,3.48,8,11
2020.04.30D12:00:04.213063365,LON0_P1000,1.5,1.59,66,19
2020.04.30D12:00:04.213085365,LON0_P1150,1.68,1.77,25,17
2020.04.30D12:00:04.213131735,LON0_P1250,1.82,1.91,29,5
2020.04.30D12:00:04.213149267,LON0_P1150,1.68,1.77,25,23
2020.04.30D12:00:04.222574570,LOM0_C2950,0.2,0.24,4,2
2020.04.30D12:00:04.225667977,LOM0_C1900,2.09,2.18,10,16
2020.04.30D12:00:04.225673173,LOM0_C1700,3.19,3.28,4,4
2020.04.30D12:00:04.225676530,LOM0_C1850,2.34,2.42,7,4
2020.04.30D12:00:04.225680513,LOM0_C2150,1.16,1.23,12,12
2020.04.30D12:00:04.225683853,LOM0_C1550,4.16,4.28,4,4
2020.04.30D12:00:04.225687401,LOM0_C1600,3.82,3.94,4,4
2020.04.30D12:00:04.225690450,LOM0_C1650,3.49,3.6,4,4
2020.04.30D12:00:04.225693585,LOM0_C1750,2.89,2.97,4,4
2020.04.30D12:00:04.225697072,LOM0_C1800,2.6,2.69,12,4
2020.04.30D12:00:04.225700460,LOM0_C1950,1.86,1.95,15,18
2020.04.30D12:00:04.225703873,LOM0_C2000,1.7,1.74,2,18
2020.04.30D12:00:04.225707248,LOM0_C2050,1.48,1.55,5,14
2020.04.30D12:00:04.225710501,LOM0_C2100,1.31,1.38,10,4
2020.04.30D12:00:04.225714044,LOM0_C2300,0.79,0.85,12,3
2020.04.30D12:00:04.225874003,LOM0_C2350,0.7,0.75,13,3
2020.04.30D12:00:04.225877728,LOM0_C2400,0.63,0.67,2,18
2020.04.30D12:00:04.225880848,LOM0_C2450,0.55,0.6,7,16
2020.04.30D12:00:04.225884323,LOM0_C2250,0.9,0.96,13,3
2020.04.30D12:00:04.225889448,LOM0_C2500,0.49,0.53,6,16
2020.04.30D12:00:04.225892878,LOM0_C2550,0.44,0.48,6,16
2020.04.30D12:00:04.225896046,LOM0_C2200,1.03,1.09,8,12
2020.04.30D12:00:04.225899149,LOM0_C2600,0.38,0.43,9,15
2020.04.30D12:00:04.225902354,LOM0_C3250,0.14,0.16,1,3
2020.04.30D12:00:04.225905714,LOM0_C3200,0.15,0.17,2,3
2020.04.30D12:00:04.225909146,LOM0_C2650,0.34,0.4,9,20
2020.04.30D12:00:04.225912375,LOM0_C2700,0.3,0.36,21,18
2020.04.30D12:00:04.225915677,LOM0_C2800,0.26,0.3,3,3
2020.04.30D12:00:04.225918909,LOM0_C2750,0.28,0.33,3,3
2020.04.30D12:00:04.226074716,LOM0_C2850,0.24,0.28,3,2
2020.04.30D12:00:04.226078822,LOM0_C3050,0.18,0.21,4,3
2020.04.30D12:00:04.226082049,LOM0_C3100,0.17,0.2,2,3
2020.04.30D12:00:04.226085556,LOM0_C2900,0.22,0.26,3,2
2020.04.30D12:00:04.226089053,LOM0_C2950,0.2,0.24,7,2
2020.04.30D12:00:04.226092611,LOM0_C3150,0.16,0.18,2,2
2020.04.30D12:00:04.226095890,LOM0_C3000,0.21,0.23,5,19
2020.04.30D12:00:04.226099119,LON0_C2350,2.5,2.6,5,16
2020.04.30D12:00:04.226102136,LON0_C2750,1.24,1.34,3,21
2020.04.30D12:00:04.226105501,LON0_C2800,1.13,1.23,3,20
2020.04.30D12:00:04.226110120,LON0_C2850,1.03,1.13,3,13
2020.04.30D12:00:04.226113663,LON0_C2900,0.93,1.04,3,22
2020.04.30D12:00:04.226116702,LON0_C2250,2.93,3.04,3,3
2020.04.30D12:00:04.226120057,LON0_C2650,1.49,1.59,12,16
2020.04.30D12:00:04.226328366,LON0_C2700,1.36,1.46,3,20
2020.04.30D12:00:04.226332771,LON0_C2600,1.63,1.72,8,3
2020.04.30D12:00:04.226335720,LON0_C2450,2.12,2.21,5,16
2020.04.30D12:00:04.226339290,LON0_C2200,3.16,3.28,3,3
2020.04.30D12:00:04.226342619,LON0_C2400,2.3,2.4,5,19
2020.04.30D12:00:04.226345977,LON0_C2500,1.95,2.04,5,20
2020.04.30D12:00:04.226349246,LON0_C2300,2.71,2.81,5,3
2020.04.30D12:00:04.226352349,LON0_C2550,1.78,1.87,5,3
2020.04.30D12:00:04.226355857,LON0_C3200,0.54,0.62,3,3
2020.04.30D12:00:04.226359211,LON0_C3850,0.2,0.27,16,23
2020.04.30D12:00:04.226362567,LON0_C3100,0.64,0.74,3,3
2020.04.30D12:00:04.226366072,LON0_C3950,0.18,0.25,15,28
2020.04.30D12:00:04.226369264,LON0_C3550,0.3,0.38,3,23
2020.04.30D12:00:04.226373117,LON0_C3600,0.27,0.35,34,13
2020.04.30D12:00:04.226561914,LON0_C3300,0.46,0.53,2,19
2020.04.30D12:00:04.226565493,LON0_C3050,0.71,0.8,3,3
2020.04.30D12:00:04.226568713,LON0_C3150,0.59,0.68,3,3
2020.04.30D12:00:04.226572113,LON0_C3350,0.41,0.5,26,3
2020.04.30D12:00:04.226575726,LON0_C3450,0.35,0.43,3,3
2020.04.30D12:00:04.226579378,LON0_C3250,0.49,0.58,27,3
2020.04.30D12:00:04.226582795,LON0_C3400,0.38,0.46,3,16
2020.04.30D12:00:04.226586273,LON0_C3500,0.34,0.39,2,14
2020.04.30D12:00:04.226589856,LON0_C3000,0.81,0.87,1,10
2020.04.30D12:00:04.226593236,LON0_C3650,0.25,0.34,41,46
2020.04.30D12:00:04.226596586,LON0_C3700,0.24,0.31,29,13
2020.04.30D12:00:04.226599701,LON0_C3750,0.22,0.3,32,23
2020.04.30D12:00:04.226602611,LON0_C2950,0.85,0.95,3,3
2020.04.30D12:00:04.226605818,LON0_C3800,0.23,0.28,3,22
2020.04.30D12:00:04.226699208,LON0_C3900,0.21,0.25,3,19
2020.04.30D12:00:04.226750889,LON0_C2250,2.93,3.04,3,8
2020.04.30D12:00:04.226893677,LON0_C2200,3.16,3.28,3,8
2020.04.30D12:00:04.226897138,LON0_C2300,2.71,2.81,5,10
2020.04.30D12:00:04.226900344,LON0_C3100,0.64,0.74,3,13
2020.04.30D12:00:04.227071727,LON0_C3400,0.38,0.46,3,16
2020.04.30D12:00:04.227306408,LON0_C2500,1.93,2.04,8,20
2020.04.30D12:00:04.227310385,LOM0_C1700,3.19,3.28,4,9
2020.04.30D12:00:04.227313730,LOM0_C1550,4.16,4.28,5,4
2020.04.30D12:00:04.227316817,LOM0_C1600,3.82,3.94,4,5
2020.04.30D12:00:04.227320040,LOM0_C1800,2.6,2.69,12,9
2020.04.30D12:00:04.227322958,LOM0_C2100,1.31,1.38,10,9
2020.04.30D12:00:04.227326205,LON0_C2250,2.93,3.04,8,13
2020.04.30D12:00:04.227329598,LON0_C2600,1.63,1.72,8,8
2020.04.30D12:00:04.227333071,LON0_C2200,3.16,3.28,8,13
2020.04.30D12:00:04.227338136,LON0_C2300,2.71,2.81,5,15
2020.04.30D12:00:04.227341305,LON0_C2550,1.78,1.87,5,8
2020.04.30D12:00:04.228964680,LOM0_P1050,1.21,1.26,11,15
2020.04.30D12:00:04.228967767,LOM0_P1250,1.49,1.55,13,7
2020.04.30D12:00:04.228971116,LOM0_P1100,1.27,1.32,13,4
2020.04.30D12:00:04.228974231,LOM0_P1900,3.54,3.66,4,4
2020.04.30D12:00:04.228977573,LOM0_P1000,1.15,1.19,5,2
2020.04.30D12:00:04.228980774,LOM0_P1350,1.67,1.74,33,6
2020.04.30D12:00:04.229279444,LOM0_P1150,1.34,1.4,3,8
2020.04.30D12:00:04.229283745,LOM0_P1700,2.67,2.75,4,13
2020.04.30D12:00:04.229287205,LOM0_P1750,2.86,2.94,4,2
2020.04.30D12:00:04.229290561,LOM0_P1850,3.31,3.4,4,4
2020.04.30D12:00:04.229293736,LOM0_P1600,2.32,2.38,3,7
2020.04.30D12:00:04.229297392,LOM0_P1800,3.07,3.17,4,10
2020.04.30D12:00:04.229301054,LOM0_P2200,5.45,5.58,4,4
2020.04.30D12:00:04.229304869,LOM0_P1300,1.57,1.64,38,7
2020.04.30D12:00:04.229308327,LOM0_P1400,1.77,1.84,36,6
2020.04.30D12:00:04.229311933,LOM0_P2000,4.1,4.23,4,4
2020.04.30D12:00:04.229315352,LOM0_P1500,2.02,2.1,29,18
2020.04.30D12:00:04.229318696,LOM0_P1450,1.89,1.97,26,8
2020.04.30D12:00:04.229322193,LOM0_P1200,1.41,1.47,10,5
2020.04.30D12:00:04.229325557,LOM0_P1550,2.16,2.23,14,5
2020.04.30D12:00:04.229476609,LOM0_P1650,2.48,2.57,11,12
2020.04.30D12:00:04.229480450,LOM0_P2100,4.74,4.87,4,4
2020.04.30D12:00:04.229483455,LOM0_P2150,5.08,5.22,4,4
2020.04.30D12:00:04.229486638,LOM0_P2050,4.42,4.54,4,4
2020.04.30D12:00:04.229490132,LOM0_P1950,3.81,3.93,4,4
2020.04.30D12:00:04.229493725,LOM0_P2500,7.88,8.09,4,2
2020.04.30D12:00:04.229497116,LON0_P1600,2.53,2.59,3,3
2020.04.30D12:00:04.229500650,LON0_P1700,2.75,2.86,11,21
2020.04.30D12:00:04.229503935,LON0_P1000,1.51,1.59,4,19
2020.04.30D12:00:04.229507102,LON0_P1100,1.62,1.7,3,3
2020.04.30D12:00:04.229511930,LON0_P1450,2.17,2.27,23,3
2020.04.30D12:00:04.229515178,LON0_P1300,1.9,1.99,32,3
2020.04.30D12:00:04.229518183,LON0_P1350,1.98,2.08,30,3
2020.04.30D12:00:04.229521367,LON0_P1400,2.07,2.16,30,3
2020.04.30D12:00:04.229680684,LON0_P1200,1.75,1.84,14,26
2020.04.30D12:00:04.229684174,LON0_P1150,1.71,1.77,4,27
2020.04.30D12:00:04.229686933,LON0_P1500,2.27,2.37,30,3
2020.04.30D12:00:04.229690121,LON0_P1250,1.82,1.91,32,8
2020.04.30D12:00:04.229693520,LON0_P1550,2.38,2.48,12,3
2020.04.30D12:00:04.229696762,LON0_P1650,2.62,2.72,12,3
2020.04.30D12:00:04.229700187,LON0_P1950,3.56,3.66,3,9
2020.04.30D12:00:04.229703781,LON0_P1850,3.21,3.31,3,12
2020.04.30D12:00:04.229707038,LON0_P2100,4.17,4.27,3,4
2020.04.30D12:00:04.229710521,LON0_P2200,4.64,4.77,8,6
2020.04.30D12:00:04.229715131,LON0_P2250,4.9,5.03,2,6
2020.04.30D12:00:04.229718284,LON0_P1900,3.38,3.48,3,11
2020.04.30D12:00:04.229721287,LON0_P2050,3.95,4.06,3,9
2020.04.30D12:00:04.229724766,LON0_P2350,5.46,5.59,2,6
2020.04.30D12:00:04.229856450,LON0_P1800,3.05,3.16,3,3
2020.04.30D12:00:04.229860120,LON0_P1750,2.9,3,3,20
2020.04.30D12:00:04.229863278,LON0_P2150,4.4,4.52,3,6
2020.04.30D12:00:04.229866887,LON0_P2000,3.75,3.85,3,4
2020.04.30D12:00:04.229870235,LON0_P2300,5.17,5.3,8,6
2020.04.30D12:00:04.230269173,LOM0_P1500,2.02,2.1,29,13
2020.04.30D12:00:04.230272603,LOM0_P1850,3.31,3.4,4,4
2020.04.30D12:00:04.230275668,LOM0_P1900,3.54,3.66,5,4
2020.04.30D12:00:04.230278992,LOM0_P2000,4.1,4.23,5,4
2020.04.30D12:00:04.230282332,LOM0_P2100,4.74,4.87,5,4
2020.04.30D12:00:04.230285620,LOM0_P2150,5.08,5.22,5,4
2020.04.30D12:00:04.230288709,LOM0_P1950,3.81,3.93,5,4
2020.04.30D12:00:04.230291735,LOM0_P2500,7.88,8.09,5,2
2020.04.30D12:00:04.230294881,LON0_P1450,2.17,2.27,23,8
2020.04.30D12:00:04.230297862,LON0_P1350,1.98,2.08,30,8
2020.04.30D12:00:04.230300770,LON0_P1500,2.27,2.37,30,8
2020.04.30D12:00:04.230303959,LON0_P1550,2.38,2.48,12,8
2020.04.30D12:00:04.230307199,LON0_P1850,3.21,3.31,8,12
2020.04.30D12:00:04.230899552,LON0_C2750,1.24,1.34,7,21
2020.04.30D12:00:04.230902975,LON0_C3100,0.64,0.74,9,13
2020.04.30D12:00:04.230929246,LON0_C3050,0.71,0.8,3,9
2020.04.30D12:00:04.230932701,LON0_C3200,0.54,0.62,3,10
2020.04.30D12:00:04.230935679,LON0_C3100,0.64,0.74,9,19
2020.04.30D12:00:04.230939067,LON0_C3150,0.59,0.68,3,10
2020.04.30D12:00:04.230942476,LON0_C3250,0.49,0.58,27,10
2020.04.30D12:00:04.230945613,LON0_C3350,0.41,0.5,26,10
2020.04.30D12:00:04.231049980,LON0_C3200,0.54,0.62,10,10
2020.04.30D12:00:04.231053629,LOM0_C1600,3.82,3.94,5,5
2020.04.30D12:00:04.231056883,LOM0_C1550,4.16,4.28,6,4
2020.04.30D12:00:04.231060281,LOM0_P1900,3.54,3.66,5,5
2020.04.30D12:00:04.231063322,LON0_C3550,0.3,0.38,13,23
2020.04.30D12:00:04.231066520,LON0_C3400,0.38,0.46,13,16
2020.04.30D12:00:04.231069789,LON0_C2700,1.36,1.46,7,20
2020.04.30D12:00:04.231347977,LON0_P2100,4.17,4.27,8,4
2020.04.30D12:00:04.231351470,LON0_P2250,4.9,5.03,7,6
2020.04.30D12:00:04.231354400,LON0_P1900,3.38,3.48,8,11
2020.04.30D12:00:04.231357941,LON0_P2050,3.95,4.06,8,9
2020.04.30D12:00:04.231361379,LON0_P2350,5.46,5.59,7,6
2020.04.30D12:00:04.231364669,LON0_P1800,3.05,3.16,8,8
2020.04.30D12:00:04.231368281,LON0_P1750,2.9,3,8,20
2020.04.30D12:00:04.231371795,LON0_P2150,4.4,4.52,8,6
2020.04.30D12:00:04.231375330,LON0_P2000,3.75,3.85,8,4
2020.04.30D12:00:04.231469870,LOM0_C2250,0.9,0.96,13,7
2020.04.30D12:00:04.231473537,LOM0_C1700,3.19,3.28,4,10
2020.04.30D12:00:04.231476542,LOM0_C1850,2.34,2.42,7,5
2020.04.30D12:00:04.231479956,LOM0_C1550,4.16,4.28,6,5
2020.04.30D12:00:04.231483178,LOM0_C1650,3.49,3.6,4,5
2020.04.30D12:00:04.231486598,LOM0_P1900,3.54,3.66,6,5
2020.04.30D12:00:04.231489894,LOM0_C1600,3.82,3.94,5,6
2020.04.30D12:00:04.231492898,LOM0_C2100,1.31,1.38,10,12
2020.04.30D12:00:04.231496024,LON0_C2600,1.63,1.72,8,11
2020.04.30D12:00:04.231499235,LON0_C2200,3.16,3.28,8,14
2020.04.30D12:00:04.231502402,LON0_C2250,2.93,3.04,8,14
2020.04.30D12:00:04.231508297,LON0_C2700,1.36,1.46,12,20
2020.04.30D12:00:04.231712433,LOM0_C2250,0.9,0.96,13,12
2020.04.30D12:00:04.231733431,LON0_P1100,1.62,1.7,9,3
2020.04.30D12:00:04.231850111,LOM0_P2200,5.45,5.58,4,5
2020.04.30D12:00:04.231853411,LON0_P1350,1.98,2.08,30,12
2020.04.30D12:00:04.231856319,LOM0_P1850,3.31,3.4,4,5
2020.04.30D12:00:04.231859795,LOM0_P2050,4.42,4.54,4,5
2020.04.30D12:00:04.231863059,LOM0_P2150,5.08,5.22,5,5
2020.04.30D12:00:04.231866379,LON0_P1800,3.05,3.16,8,11
2020.04.30D12:00:04.232567567,LON0_P2150,4.4,4.52,9,6
2020.04.30D12:00:04.232571686,LOM0_P1600,2.32,2.38,6,7
2020.04.30D12:00:04.232574816,LOM0_P1750,2.86,2.94,5,2
2020.04.30D12:00:04.232578125,LON0_P1950,3.56,3.66,4,9
2020.04.30D12:00:04.232581426,LOM0_P1150,1.34,1.4,9,8
2020.04.30D12:00:04.232584697,LON0_P1900,3.38,3.48,11,11
2020.04.30D12:00:04.232588104,LOM0_P2050,4.42,4.54,5,5
2020.04.30D12:00:04.232591164,LOM0_P2000,4.1,4.23,6,4
2020.04.30D12:00:04.232594756,LOM0_P2100,4.74,4.87,6,4
2020.04.30D12:00:04.232598147,LON0_P1750,2.9,3,11,20
2020.04.30D12:00:04.232601278,LOM0_P2150,5.08,5.22,6,5
2020.04.30D12:00:04.232604687,LOM0_P2500,7.88,8.09,6,2
2020.04.30D12:00:04.232613415,LON0_P2250,4.9,5.03,8,6
2020.04.30D12:00:04.232616759,LON0_P2350,5.46,5.59,8,6
2020.04.30D12:00:04.233529593,LON0_C2800,1.13,1.23,7,20
2020.04.30D12:00:04.233533740,LON0_C2850,1.03,1.13,7,13
2020.04.30D12:00:04.233536944,LON0_C3050,0.71,0.8,9,9
2020.04.30D12:00:04.233540420,LON0_C2950,0.85,0.95,9,3
2020.04.30D12:00:04.233543634,LON0_C2900,0.93,1.04,7,22
2020.04.30D12:00:04.233546763,LON0_C3950,0.18,0.25,15,28
2020.04.30D12:00:04.233582390,LON0_P1000,1.51,1.59,11,19
2020.04.30D12:00:04.233585733,LON0_C2950,0.85,0.95,9,9
2020.04.30D12:00:04.233588634,LON0_C3450,0.35,0.43,3,13
2020.04.30D12:00:04.233592016,LOM0_P4400,25.39,0,1,0
2020.04.30D12:00:04.233716867,LOM0_C1750,2.89,2.97,5,4
2020.04.30D12:00:04.233720441,LOM0_C1700,3.19,3.28,5,10
2020.04.30D12:00:04.233723584,LON0_C2500,1.93,2.04,11,20
2020.04.30D12:00:04.233726744,LON0_P1450,2.17,2.27,23,12
2020.04.30D12:00:04.233729857,LON0_C2550,1.78,1.87,5,8
2020.04.30D12:00:04.233733120,LOM0_P1950,3.81,3.93,5,5
2020.04.30D12:00:04.233736178,LOM0_P2100,4.74,4.87,6,5
2020.04.30D12:00:04.233739481,LOM0_C1650,3.49,3.6,5,5
2020.04.30D12:00:04.233744299,LOM0_P2000,4.1,4.23,6,5
2020.04.30D12:00:04.233747671,LON0_C3450,0.35,0.43,13,13
2020.04.30D12:00:04.233750829,LON0_C3150,0.59,0.68,10,10
2020.04.30D12:00:04.233764830,LON0_C2900,0.93,1.04,12,22
2020.04.30D12:00:04.234100092,LOM0_P1600,2.32,2.38,6,4
2020.04.30D12:00:04.234127353,LON0_C2300,2.71,2.81,5,15
2020.04.30D12:00:04.234156707,LOM0_C1800,2.6,2.69,9,9
2020.04.30D12:00:04.234338402,LON0_C3150,0.59,0.68,10,20
2020.04.30D12:00:04.234377769,LON0_C2550,1.78,1.87,5,14
2020.04.30D12:00:04.234381134,LON0_C2600,1.63,1.72,8,15
2020.04.30D12:00:04.234384380,LON0_C2950,0.85,0.95,9,19
2020.04.30D12:00:04.234616563,LOM0_P1850,3.31,3.4,5,5
2020.04.30D12:00:04.234620437,LOM0_P1700,2.67,2.75,5,13
2020.04.30D12:00:04.234623527,LON0_P2100,4.17,4.27,9,4
2020.04.30D12:00:04.234626945,LON0_P2000,3.75,3.85,9,4
2020.04.30D12:00:04.234630001,LOM0_C1750,2.89,2.97,5,5
2020.04.30D12:00:04.234633316,LOM0_P1800,3.07,3.17,5,10
2020.04.30D12:00:04.234636760,LON0_P2050,3.95,4.06,9,9
2020.04.30D12:00:04.234640020,LOM0_C1800,2.6,2.69,9,10
2020.04.30D12:00:04.234643421,LOM0_P1950,3.81,3.93,6,5
2020.04.30D12:00:04.234646681,LON0_P1850,3.21,3.31,11,12
2020.04.30D12:00:04.234649583,LON0_P1800,3.05,3.16,11,11
2020.04.30D12:00:04.234653395,LON0_C2300,2.71,2.81,5,16
2020.04.30D12:00:04.234662308,LON0_C2550,1.78,1.87,5,17
2020.04.30D12:00:04.234665953,LOM0_P2200,5.45,5.58,5,5
2020.04.30D12:00:04.234739940,LON0_P1800,3.05,3.16,11,20
2020.04.30D12:00:04.234867356,LOM0_P1600,2.32,2.38,11,4
2020.04.30D12:00:04.234870580,LOM0_C1850,2.34,2.42,7,9
2020.04.30D12:00:04.234885618,LON0_C3350,0.41,0.5,26,20
2020.04.30D12:00:04.234902851,LON0_C3050,0.71,0.8,9,17
2020.04.30D12:00:04.235007264,LOM0_P1800,3.07,3.17,5,5
2020.04.30D12:00:04.235010901,LOM0_P1600,2.32,2.38,11,4
2020.04.30D12:00:04.235013795,LOM0_P2200,5.45,5.58,5,5
2020.04.30D12:00:04.235288169,LOM0_C1750,2.89,2.97,4,5
2020.04.30D12:00:04.235292385,LOM0_C1900,2.09,2.18,9,16
2020.04.30D12:00:04.235295389,LOM0_C2100,1.31,1.38,7,12
2020.04.30D12:00:04.235299135,LON0_C2100,3.69,3.82,5,6
2020.04.30D12:00:04.235302784,LON0_C2200,3.16,3.28,8,14
2020.04.30D12:00:04.236125742,LOM0_C1850,2.34,2.42,7,14
2020.04.30D12:00:04.236129072,LOM0_P1600,2.32,2.38,11,4
2020.04.30D12:00:04.240496602,LOM0_P900,1.03,1.08,16,11
2020.04.30D12:00:04.240500068,LOM0_C2700,0.3,0.36,21,18
2020.04.30D12:00:04.241219647,LOM0_P350,0.11,0.67,8,7
2020.04.30D12:00:04.259788700,LOM0_C100,15.95,0,1,0
2020.04.30D12:00:04.259793536,LOM0_C350,13.49,0,1,0
2020.04.30D12:00:04.259796511,LOM0_C400,13.03,0,1,0
2020.04.30D12:00:04.259799977,LON0_C250,16.87,0,1,0
2020.04.30D12:00:04.259930958,LOM0_P1600,2.32,2.38,11,4
2020.04.30D12:00:04.265322414,LOM0_P4050,21.9,24.18,1,1
2020.04.30D12:00:04.265327864,LON0_C600,13.56,0,1,0
2020.04.30D12:00:04.265952612,LOM0_C2300,0.79,0.85,12,7
2020.04.30D12:00:04.266139156,LOM0_C2300,0.79,0.85,12,12
2020.04.30D12:00:04.300448067,LON0_C2950,0.86,0.95,3,19
2020.04.30D12:00:04.300539754,LON0_C2900,0.94,1.04,3,22
2020.04.30D12:00:04.300681889,LON0_P1350,1.98,2.07,30,3
2020.04.30D12:00:04.300800417,LON0_P1450,2.17,2.26,23,3
2020.04.30D12:00:04.300833240,LON0_C2900,0.94,1.04,3,22
2020.04.30D12:00:04.301024154,LON0_P1600,2.53,2.6,3,12
2020.04.30D12:00:04.301027357,LON0_P1500,2.27,2.36,30,3
2020.04.30D12:00:04.301251235,LOM0_C1700,3.19,3.28,7,12
2020.04.30D12:00:04.301257120,LOM0_P1700,2.67,2.75,7,13
2020.04.30D12:00:04.301262992,LOM0_C1750,2.89,2.96,4,2
2020.04.30D12:00:04.301287058,LOM0_C1800,2.6,2.69,9,12
2020.04.30D12:00:04.301315875,LOM0_P1600,2.32,2.39,11,3
2020.04.30D12:00:04.301335433,LOM0_C1850,2.34,2.42,7,16
2020.04.30D12:00:04.301357499,LOM0_P1150,1.35,1.4,2,8
2020.04.30D12:00:04.301385601,LOM0_C2200,1.02,1.09,8,12
2020.04.30D12:00:04.301825622,LOM0_C1550,4.17,4.27,4,4
2020.04.30D12:00:04.301829062,LOM0_C1600,3.83,3.93,4,4
2020.04.30D12:00:04.301832129,LOM0_C1650,3.5,3.59,4,4
2020.04.30D12:00:04.301836983,LOM0_C1750,2.88,2.96,7,2
2020.04.30D12:00:04.301840168,LON0_C3100,0.65,0.74,3,19
2020.04.30D12:00:04.302578834,LOM0_P1900,3.55,3.66,4,5
2020.04.30D12:00:04.302581843,LOM0_P1750,2.87,2.94,4,2
2020.04.30D12:00:04.302584983,LOM0_P1850,3.31,3.4,5,1
2020.04.30D12:00:04.302588360,LOM0_P1800,3.08,3.17,4,5
2020.04.30D12:00:04.302591460,LOM0_P2200,5.46,5.58,4,5
2020.04.30D12:00:04.302594752,LOM0_P2000,4.11,4.22,4,4
2020.04.30D12:00:04.302597789,LOM0_P2100,4.75,4.87,4,5
2020.04.30D12:00:04.302601048,LOM0_P2150,5.09,5.22,4,5
2020.04.30D12:00:04.302604293,LOM0_P2050,4.43,4.54,4,5
2020.04.30D12:00:04.302617640,LOM0_C1750,2.89,2.96,1,2
2020.04.30D12:00:04.302621051,LOM0_C2100,1.31,1.38,10,12
2020.04.30D12:00:04.302624196,LOM0_P1600,2.32,2.39,11,6
2020.04.30D12:00:04.302627621,LOM0_C1900,2.09,2.18,9,16
2020.04.30D12:00:04.302739327,LOM0_P1950,3.82,3.93,4,5
2020.04.30D12:00:04.302743047,LON0_P2000,3.75,3.85,9,4
2020.04.30D12:00:04.302914601,LOM0_C1850,2.34,2.42,7,11
2020.04.30D12:00:04.302918010,LOM0_P1600,2.32,2.39,11,6
2020.04.30D12:00:04.302921202,LON0_P1500,2.27,2.36,30,3
2020.04.30D12:00:04.302924331,LOM0_C1550,4.17,4.27,4,4
2020.04.30D12:00:04.303090477,LOM0_C1600,3.83,3.93,5,4
2020.04.30D12:00:04.303093895,LOM0_C1550,4.17,4.27,5,4
2020.04.30D12:00:04.303096987,LON0_C3100,0.65,0.74,9,19
2020.04.30D12:00:04.303814166,LOM0_P1800,3.08,3.17,4,5
2020.04.30D12:00:04.303817354,LON0_P1500,2.27,2.36,30,3
2020.04.30D12:00:04.305065584,LOM0_P1750,2.87,2.94,5,2
2020.04.30D12:00:04.305069034,LOM0_C1650,3.5,3.59,4,5
2020.04.30D12:00:04.305072043,LOM0_C1550,4.17,4.27,5,5
2020.04.30D12:00:04.305075323,LOM0_P2050,4.43,4.54,5,5
2020.04.30D12:00:04.305078570,LOM0_P1900,3.55,3.66,5,5
2020.04.30D12:00:04.305081912,LOM0_C1600,3.83,3.93,5,5
2020.04.30D12:00:04.305085332,LOM0_P2000,4.11,4.22,5,4
2020.04.30D12:00:04.305088432,LOM0_P2100,4.75,4.87,5,5
2020.04.30D12:00:04.305091461,LOM0_P2150,5.09,5.22,5,5
2020.04.30D12:00:04.305316524,LON0_C2900,0.94,1.04,7,22
2020.04.30D12:00:04.305320688,LOM0_C350,13.5,0,1,0
2020.04.30D12:00:04.305429279,LOM0_C1650,3.5,3.59,5,5
2020.04.30D12:00:04.305432558,LOM0_P2000,4.11,4.22,5,5
2020.04.30D12:00:04.305435402,LOM0_P1850,3.31,3.41,5,6
2020.04.30D12:00:04.305438853,LOM0_C2200,1.02,1.09,12,12
2020.04.30D12:00:04.305441958,LON0_C2950,0.86,0.95,9,19
2020.04.30D12:00:04.306231120,LOM0_C1750,2.89,2.96,1,3
2020.04.30D12:00:04.306234498,LOM0_P1800,3.08,3.17,5,5
2020.04.30D12:00:04.306237542,LOM0_P1950,3.82,3.93,5,5
2020.04.30D12:00:04.306240722,LOM0_P2200,5.46,5.58,5,5
2020.04.30D12:00:04.308433980,LOM0_C2000,1.7,1.73,2,4
2020.04.30D12:00:04.308440400,LOM0_P1350,1.67,1.74,36,6
2020.04.30D12:00:04.308443909,LOM0_P1400,1.78,1.84,3,6
2020.04.30D12:00:04.308448775,LOM0_P1650,2.49,2.57,4,12
2020.04.30D12:00:04.308452073,LON0_P2300,5.17,5.3,8,6
2020.04.30D12:00:04.308945527,LOM0_P1400,1.78,1.84,7,6
2020.04.30D12:00:04.309008766,LOM0_P1650,2.49,2.57,5,12
2020.04.30D12:00:04.309011972,LOM0_C2000,1.7,1.73,2,7
2020.04.30D12:00:04.311057062,LON0_C2150,3.42,3.55,5,14
2020.04.30D12:00:04.311195282,LON0_C2100,3.69,3.82,5,6
2020.04.30D12:00:04.311346220,LON0_P2200,4.64,4.77,8,6
2020.04.30D12:00:04.311349711,LON0_C2050,3.93,4.14,6,18
2020.04.30D12:00:04.311603656,LON0_C2000,4.22,4.44,6,18
2020.04.30D12:00:04.311606575,LON0_P2250,4.9,5.03,8,6
2020.04.30D12:00:04.311644411,LON0_C1950,4.52,4.75,6,18
2020.04.30D12:00:04.311775605,LON0_P2300,5.17,5.3,8,6
2020.04.30D12:00:04.311895503,LON0_C1900,4.83,5.06,6,12
2020.04.30D12:00:04.311924535,LON0_P2350,5.46,5.59,8,6
2020.04.30D12:00:04.312035279,LON0_C1850,5.15,5.39,6,18
2020.04.30D12:00:04.312063778,LON0_P2400,5.7,5.96,14,2
2020.04.30D12:00:04.312170315,LON0_C1800,5.49,5.73,6,18
2020.04.30D12:00:04.312194683,LON0_C1750,5.83,6.08,6,6
2020.04.30D12:00:04.312260491,LON0_C1700,6.19,6.45,2,14
2020.04.30D12:00:04.312284507,LON0_C1650,6.55,6.82,2,14
2020.04.30D12:00:04.312295153,LON0_C1900,4.83,5.06,6,13
2020.04.30D12:00:04.313081710,LON0_C1900,4.83,5.06,6,18
2020.04.30D12:00:04.328360782,LOM0_C1900,2.09,2.17,9,4
2020.04.30D12:00:04.328365868,LOM0_C2050,1.48,1.55,5,14
2020.04.30D12:00:04.328369031,LON0_C2450,2.12,2.21,5,16
2020.04.30D12:00:04.328375980,LON0_P1700,2.76,2.86,3,21
2020.04.30D12:00:04.328859446,LOM0_C1900,2.09,2.17,9,5
2020.04.30D12:00:04.329083357,LON0_C2450,2.12,2.21,5,16
2020.04.30D12:00:04.329599665,LON0_P1700,2.76,2.86,6,21
2020.04.30D12:00:04.329621373,LON0_P1700,2.76,2.86,11,21
2020.04.30D12:00:04.336512101,LOM0_C2300,0.79,0.85,12,12
2020.04.30D12:00:04.336567075,LON0_C2300,2.71,2.81,5,16
2020.04.30D12:00:04.336570728,LON0_P1650,2.62,2.72,30,3
2020.04.30D12:00:04.336573822,LON0_C2650,1.49,1.59,12,16
2020.04.30D12:00:04.336577369,LON0_C3050,0.71,0.8,9,17
2020.04.30D12:00:04.336671293,LOM0_C2900,0.22,0.26,3,2
2020.04.30D12:00:04.336694773,LON0_C4050,0.16,0.23,17,41
2020.04.30D12:00:04.339426260,LOM0_C2900,0.22,0.26,3,2
2020.04.30D12:00:04.339505070,LON0_C2300,2.71,2.81,5,16
2020.04.30D12:00:04.339508435,LON0_C2650,1.49,1.59,12,16
2020.04.30D12:00:04.339511412,LON0_C3050,0.71,0.8,9,17
2020.04.30D12:00:04.351763397,LOM0_C1750,2.88,2.96,7,3
2020.04.30D12:00:04.372553677,LOM0_P1600,2.32,2.39,6,6
2020.04.30D12:00:04.372576738,LON0_C3050,0.71,0.8,9,9
2020.04.30D12:00:04.372979340,LOM0_P1400,1.78,1.84,13,6
2020.04.30D12:00:04.372985202,LON0_C3350,0.41,0.5,26,10
2020.04.30D12:00:04.372991562,LON0_C2950,0.86,0.95,9,9
2020.04.30D12:00:04.375332811,LON0_C3200,0.54,0.62,10,14
2020.04.30D12:00:04.398079969,LOM0_C100,15.96,0,1,0
